2030 3086
623 0 717 51 't-
1234 1 1259 26 ο
1624 8 1626 10 r
1690 3 1696 7 -
1762 0 1794 19 -.v
1826 0 1902 23 ..w-2,

662 49 670 59 =
689 37 691 39 ι
1726 44 1728 46 ’
1832 34 1834 37 ¹
1901 35 1918 63 b.
1927 41 1974 64 *25*ssoe

1712 73 1715 76 ⁴
1875 83 1885 93 ·.
1894 72 1958 95 υἱ

286 182 329 229 §-
362 181 427 217 1⁹.
482 174 612 227 Qffl
626 191 724 230 ¹⁰ss0
736 181 812 219 ‘¹³
823 179 1308 233 Μῶαὺαιμ
1317 171 1865 232 Φυᾼηίομᾰᾱλβὴι

182 228 1279 290 μοιωιοινοωειᾱε-εωιιωωιοιωυτ
1299 235 1531 287 ‹sis-—
1612 282 1681 288 ,Α

179 305 266 337 vem
296 293 441 330 videret
468 297 535 330 aut
563 293 814 331 domesticum
838 294 968 342 potius
993 293 1178 338 hostem,
1197 294 1233 330 si
1250 292 1426 342 leffl'bus
1435 293 1513 330 nd
1518 281 1673 340 mffl‘ss-
1682 294 1887 342 *fido

181 361 264 387 esse
302 349 573 398 frangendum3
616 350 676 386 siu
717 350 803 398 ipsa
843 349 991 392 iudicia
1027 351 1085 387 vis
1107 349 1324 398 impediret
1350 360 1396 385 ac
1425 348 1600 394 tolleret,
1644 349 1841 400 audaciam

178 406 338 450 virtute,
378 405 548 443 furorem
579 405 814 450 fortitudine,
843 397 1092 447 temeritatem
1121 406 1281 444 consilio
1295 433 1305 450 ,
1347 416 1498 442 manum
1524 416 1658 450 manu,
1701 406 1790 443 vim
1803 407 1844 443 vi

180 469 266 498 esse
290 462 564 510 superandam,
597 462 721 509 primo
750 462 797 498 de
815 461 863 497 ‘vi
890 463 1115 510 postulavit:
1156 467 1441 515 posteaquam,
1460 461 1509 497 ab
1538 461 1673 498 eodem
1699 461 1843 499 iudicia

180 518 333 558 subm·
354 528 440 555 esse
465 518 580 561 vidit,
610 511 692 554 ‘ness
710 517 776 554 ille
817 518 944 555 omnia
981 520 1019 555 vi
1057 523 1190 568 posset
1228 517 1381 555 efficere
1409 517 1586 556 eni-aviti·
1616 517 1682 568 qui
1710 517 1848 562 docuit*

180 582 308 625 neque
331 580 435 611 tecta
459 584 584 622 neque
610 570 753 621 templa
779 583 904 622 neque
930 575 1056 610 forum
1082 585 1206 623 neque
1233 573 1377 610 curiam
1414 574 1498 610 sine
1519 577 1677 613 'summa
1702 574 1851 612 virtute

181 642 229 668 ae
269 630 441 666 maximis
483 629 619 677 opibus
657 635 697 666 et
739 629 860 677 copiis
896 628 943 666 ab
984 631 1165 668 intestino
1192 629 1393 667 latrocinio
1420 630 1733 677 posse-defendi:
1778 631 1848 679 qui

177 687 323 735 primus
349 691 440 734 post
466 696 592 722 meum
619 685 828 722 discessum
855 687 966 726 bonis
995 693 1157 731 metum,
1177 698 1283 735 spem
1311 685 1530 730 audacibus,
1558 685 1746 722 timorem
1752 686 1854 730 huic.

181 742 319 785 ordini,
349 741 571 780 servitutem
599 741 763 789 depulit
772 742 929 779 civitati.

293 799 328 844 ξ.
360 798 449 833 20..
455 788 612 842 Quam
638 798 823 833 rationem
848 799 934 845 pari
960 800 1121 842 virtute,
1151 798 1298 841 auimo,
1335 797 1412 833 fide
1438 796 1484 833 P.
1515 796 1659 834 Sestius
1688 796 1841 834 secutus

180 859 257 897 est,
285 864 358 901 pro
387 865 472 889 mea
499 854 641 896 salute,
669 864 741 900 pro
770 860 897 889 vestra
925 855 1167 898 auctoritate,
1196 864 1267 900 pro
1297 859 1400 889 statu
1427 852 1589 888 civitatis
1617 853 1740 889 nullas
1769 853 1842 889 sibi

178 909 414 953 inimicitias,
452 909 595 947 nullam
622 908 706 945 vim
711 936 720 953 ,
751 909 881 954 nullos,
903 909 1088 958 impetus,
1117 909 1262 945 nullum
1289 909 1390 945 vitae
1420 908 1621 945 discrimen
1647 909 1843 946 vitandum

179 977 359 1015 umquam
382 965 555 1013 putavit:
599 966 665 1014 qui
694 977 846 1002 causam
875 973 1026 1004 senatus
1056 967 1285 1014 exagitatam
1315 965 1555 1002 contionibus
1581 965 1842 1013 improborum

179 1022 235 1059 sic
264 1033 334 1058 sua
361 1021 564 1071 diligentia
589 1022 822 1058 multitudini
861 1023 1138 1060 commendavit
1173 1028 1217 1058 ut
1250 1021 1343 1058 nihil
1385 1026 1462 1057 tam
1500 1022 1685 1069 populare
1729 1025 1841 1070 qua'm

178 1083 348 1115 vestrum
374 1088 526 1130 nomen,
554 1077 650 1114 nihil
676 1084 752 1114 tam
782 1080 955 1118 omnibus
983 1091 1112 1116 carum
1132 1079 1337 1127 aliquando
1363 1089 1475 1127 quam
1495 1083 1621 1114 vestra
1635 1078 1841 1123 auctoritas

181 1135 394 1171 videretur:
425 1134 490 1182 qui
517 1144 578 1169 me
607 1146 722 1184 quum
751 1135 924 1171 omnibus
951 1136 1065 1186 rebus
1102 1136 1238 1183 quibus
1267 1132 1442 1170 tribunus
1469 1133 1592 1181 plebis
1619 1135 1747 1181 potuit
1773 1134 1843 1170 de-v

177 1190 312 1234 fendit.
341 1196 422 1226 tum
448 1189 604 1237 reliquis
634 1189 769 1226 officiis
798 1191 905 1228 iuxta
933 1204 978 1228 ac
1007 1192 1038 1228 si
1067 1203 1171 1228 meus
1199 1192 1316 1227 frater
1342 1190 1702 1234 esset,sustentavit:
1733 1189 1841 1226 cuius

179 1258 251 1294 ego
281 1245 496 1290 clientibus,
522 1242 683 1290 libertis,
711 1247 864 1291 familia,
895 1249 1027 1295 copiis,
1055 1248 1192 1284 litteris
1219 1247 1274 1282 ita
1300 1258 1383 1282 sum
1411 1251 1641 1282 sustentatus
1671 1252 1715 1283 ut
1735 1257 1841 1282 meae

179 1302 404 1339 calamitatis
432 1313 508 1337 non
537 1301 689 1349 adiutor
717 1302 851 1347 solum,
880 1315 1011 1339 verum
1039 1304 1152 1340 etiam
1181 1303 1307 1339 socius
1335 1302 1538 1338 videretur.

294 1361 328 1406 ξ.
361 1359 428 1393 21.
484 1357 567 1393 Iam
609 1363 822 1395 ceterorum
865 1360 992 1396 officia
1032 1361 1158 1396 studia
1199 1359 1353 1395 videtis:
1406 1369 1518 1406 quam
1561 1358 1720 1405 cupidus
1765 1358 1838 1394 mei

181 1415 225 1452 C.
255 1414 453 1457 Cestilius,
500 1425 613 1461 quam
653 1415 844 1450 studiosus
888 1414 1025 1459 'vesti-s,
1063 1423 1182 1463 ‘quam
1223 1412 1300 1449 non
1342 1413 1467 1449 varius
1504 1413 1684 1449 fueritin
1711 1425 1838 1450 causa.

179 1470 285 1517 Quid
312 1470 368 1507 M.
399 1468 575 1518 Cispius?
615 1470 677 1506 cui
705 1479 777 1519 ego
804 1471 890 1519 ipsi,
918 1472 1067 1520 parenti
1093 1472 1275 1519 fratrique
1304 1470 1384 1506 eius
1414 1469 1535 1507 sentio
1566 1476 1748 1518 quantum
1774 1470 1839 1506 de-

173 1528 305 1576 beam:
349 1526 415 1573 qui
457 1537 574 1573 quum
613 1538 636 1561 a
669 1538 728 1562 me
768 1528 942 1564 voluutas
984 1525 1115 1564 eorum
1142 1528 1181 1562 in
1209 1526 1357 1574 privato
1384 1525 1528 1561 iudicio
1557 1530 1657 1561 esset
1685 1527 1839 1570 offensa,

177 1582 326 1631 publici
353 1581 428 1617 mei
453 1581 630 1617 beneficii
657 1583 838 1618 memoria
871 1583 1055 1630 privatam
1086 1582 1330 1619 offensionem
1365 1581 1688 1619 oblitteraverunt.
1757 1581 1839 1618 Iam

178 1640 226 1677 T.
250 1638 393 1676 Fadius
421 1638 487 1686 qui
515 1637 607 1673 mihi
634 1643 812 1685 quaestor
840 1639 922 1682 fuit,
950 1640 1006 1676 M.
1025 1640 1176 1677 Curtius
1204 1638 1310 1675 cuius
1339 1649 1410 1685 ego
1439 1643 1617 1685 quaestor
1643 1638 1749 1686 patri
1770 1639 1838 1682 fni,

179 1695 326 1737 studio,
369 1704 516 1737 amore,
554 1691 686 1728 animo
722 1693 812 1729 huic
844 1695 1115 1731 necessitudini
1150 1706 1226 1730 non
1265 1693 1478 1730 defuerunt.
1548 1694 1673 1744 Multa
1702 1694 1750 1730 de
1777 1704 1839 1729 me

179 1751 223 1789 C.
239 1749 404 1789 Messius
428 1754 468 1786 et
495 1745 682 1786 amicitiae
711 1755 750 1787 et
775 1749 831 1787 rei
857 1751 1034 1799 publicae
1058 1763 1173 1788 causa
1201 1750 1315 1787 dixit:
1344 1750 1468 1799 legem
1495 1756 1705 1799 separatam
1727 1750 1837 1787 initio

178 1809 228 1845 de
255 1807 377 1844 salute
404 1818 490 1842 mea
511 1805 790 1854 promulgavit(

288 1865 323 1910 ξ.
357 1862 423 1897 22.
482 1861 531 1907 Q.
562 1861 758 1898 Fabricius
802 1862 835 1898 si
876 1873 973 1911 quae
1001 1863 1050 1900 'de
1079 1873 1138 1899 me
1167 1874 1279 1911 agere
1309 1867 1466 1899 conatus
1495 1867 1577 1908 est,
1620 1873 1666 1899 ea
1707 1866 1840 1899 contra

175 1920 252 1956 vim
277 1924 318 1954 et
342 1918 484 1955 ferrum
509 1916 694 1969 perficere
730 1919 934 1966 potuisset,
978 1931 1106 1956 mense
1146 1919 1324 1955 Ianuario
1366 1924 1538 1961 nostrum
1565 1925 1705 1956 statum
1729 1929 1839 1954 recu-

173 1984 435 2023 perassemus:
465 1984 577 2022 quem
606 1974 657 2009 ad
685 1974 844 2010 salutem
868 1985 989 2011 meam
1016 1976 1191 2011 voluntas
1216 1974 1389 2023 impulit,
1418 1975 1474 2011 vis
1500 1974 1718 2020 retardavit,
1747 1985 1837 2012 auc-

173 2031 309 2069 toritas
337 2034 466 2068 vestra
491 2030 697 2068 revocavit.

915 2118 1008 2173 cap.
1039 2116 1100 2164 m

283 2200 365 2237 Iam
396 2211 488 2236 vero
512 2204 714 2248 praetores
739 2210 814 2247 quo
844 2200 967 2235 auimo
994 2199 1034 2235 in
1063 2210 1123 2236 me
1150 2200 1291 2236 fuerint
1315 2212 1382 2237 vos
1409 2200 1624 2237 existimare
1645 2198 1836 2248 potuistis,

175 2264 291 2304 quum
317 2257 364 2296 1..
395 2256 585 2293 Caecilius
609 2250 787 2304 privatim
813 2265 873 2291 me
910 2255 987 2290 suis
1025 2255 1145 2304 copiis
1186 2255 1358 2293 omnibus
1396 2257 1584 2294 studuerit
1611 2253 1835 2301 sustentare,

171 2312 327 2360 publice
363 2313 614 2363 promulgarit
647 2324 719 2360 pro
755 2323 840 2348 mea
872 2311 995 2348 salute
1021 2315 1106 2348 cum
1135 2313 1292 2361 collegis
1308 2325 1441 2361 paene
1469 2314 1662 2358 omuibus,
1708 2313 1836 2359 direp-

172 2368 321 2404 toribus
363 2373 490 2404 autem
530 2368 727 2403 bonorum
760 2378 929 2404 meorum
962 2367 1002 2402 in
1042 2367 1100 2404 ius
1136 2368 1302 2404 adeundi
1327 2374 1557 2417 potestatem
1583 2379 1661 2404 non
1688 2367 1834 2405 fecerit.

173 2423 229 2460 M.
259 2428 386 2460 autem
430 2422 599 2461 Calidius
641 2417 769 2461 statim
813 2423 1029 2471 designatus
1064 2425 1252 2462 sententia
1277 2436 1346 2461 sua
1374 2437 1487 2474 quam
1514 2430 1617 2462 esset
1644 2435 1734 2461 cara
1762 2422 1849 2461 sibi2

173 2491 258 2516 mea
285 2481 387 2517 salus
418 2480 640 2516 declaravit.

287 2537 321 2582 ξ.
352 2536 418 2572 23.
478 2535 618 2573 Omnia
645 2535 771 2571 officia
799 2534 843 2572 C.
872 2534 1059 2584 Septimii,
1091 2534 1138 2580 Q.
1168 2534 1330 2580 Valerii,
1355 2536 1401 2573 P.
1432 2535 1577 2580 Crassi,
1608 2535 1696 2574 Sex.
1714 2534 1833 2581 Quin-

172 2590 258 2635 tilii,
290 2590 332 2628 C.
363 2592 522 2629 Cornuti
548 2603 694 2628 summa
722 2597 760 2628 et
787 2592 826 2628 in
850 2603 911 2628 me
939 2597 978 2629 et
1004 2592 1044 2627 in
1072 2603 1153 2629 rem
1179 2592 1372 2641 publicam
1405 2593 1672 2631 constiterunt.
1726 2591 1847 2636 Quae.

173 2657 291 2696 quum
318 2647 480 2685 libenter
507 2660 781 2692 commemoro,
823 2654 903 2685 tum
938 2660 1016 2689 uon
1053 2648 1192 2690 invitus
1220 2660 1298 2685 uon
1326 2649 1516 2685 nullorum
1540 2650 1581 2685 in
1607 2661 1667 2685 me
1694 2648 1836 2685 nefarie

172 2703 375 2740 commissa
400 2710 611 2751 praetereo.
683 2705 770 2741 Non
809 2710 867 2741 est
906 2705 980 2741 mei
1008 2705 1188 2753 temporis
1216 2705 1370 2741 iniurias
1398 2706 1612 2742 meminisse
1642 2714 1734 2752 quas
1763 2713 1834 2753 ego

171 2759 287 2796 etiam
314 2760 349 2796 si
378 2760 511 2796 ulcisci
546 2772 716 2808 possem,
760 2766 886 2797 tamen
919 2761 1093 2798 oblivisci
1130 2761 1298 2797 mallem:
1343 2761 1418 2798 alio
1436 2759 1439 2761 ’
1454 2760 1717 2798 transferenda
1734 2787 1737 2789 >
1752 2770 1836 2797 mea

171 2820 255 2855 tota
284 2816 363 2854 vita
390 2821 461 2861 est,
490 2821 533 2854 ut
559 2816 657 2855 bene
687 2818 735 2854 de
761 2828 821 2856 me
848 2817 992 2856 meritis
1020 2818 1180 2855 referam
1209 2817 1367 2867 gratiam
1381 2844 1391 2864 ,
1421 2816 1604 2858 amicitias
1633 2816 1721 2865 igne
1747 2827 1847 2866 pera.
