2030 3086
964 67 1044 128 R

165 200 470 256 equ-Qui
484 188 772 258 briganum,
799 207 834 245 ιιι
859 217 923 246 me
946 207 1078 253 nihi,
1087 207 1122 246 si
1140 207 1265 251 meis,
1293 206 1328 244 si
1354 206 1494 254 vobis,
1503 203 1826 256 &reipublicae

162 260 408 300 afflet·
432 262 505 311 qni
530 268 589 300 nt
598 268 679 301 est
679 263 918 319 designatus,
945 275 1151 313 namqu-n
1176 263 1369 304 <intinxit
1384 264 1609 315 senmtinm
1627 264 1677 301 de
1701 264 1826 305 salute

163 327 262 359 mna
271 321 319 356 se
348 322 462 356 etse
478 319 644 369 publiea
678 321 839 369 dignam
859 318 1009 358 dicere.
1060 321 1212 368 Quum
1234 332 1259 357 a
1285 320 1440 357 tribuno
1465 311 1592 368 plebis
1620 324 1825 365 vetaretur,

162 374 398 423 praqchnnn
424 374 522 412 illud
543 382 668 423 caput
690 377 937 414 recitaretur·
976 388 1026 412 ne
1064 377 1149 425 quis
1176 377 1230 414 ad
1255 387 1323 412 vos
1350 375 1528 420 referret,
1570 387 1619 413 ne
1637 376 1739 425 quis
1759 376 1832 419 de·.

163 435 353 475 cerneret,
381 430 684 479 nessdiapntaret,
713 443 762 469 ne
787 432 1025 481 loqueretur,
1063 444 1111 469 ne
1138 432 1300 480 pedibus
1328 432 1420 476 iret,
1449 443 1498 469 ne
1526 432 1728 473 scribendo
1757 432 1824 475 ad-

163 491 282 524 cauete
323 491 443 524 totam
461 487 592 532 illam,
621 493 665 524 ut
692 494 780 525 ante
808 489 906 534 dixi,
939 489 1257 536 proscriptionem
1284 499 1361 525 non
1388 489 1513 536 legem
1539 489 1705 537 putavit,
1749 499 1841 537 qua>⁴

163 542 256 578 civis
278 543 426 591 ‘optime
453 543 570 579 dere
596 544 751 591 publica
764 545 931 582 »meritus
960 545 1180 581 nominatim
1206 545 1288 580 sine
1314 545 1456 581 iudicio
1476 551 1560 582 'una
1585 548 1673 581 cnm
1690 547 1840 588 senatu,-

126 603 129 606 ’
161 597 218 634 rei
244 598 425 646 publicae
449 605 550 636 esset
573 607 738 648 ereptus.
797 601 854 638 Ut.
887 612 978 640 vero
1018 602 1104 638 iniit
1130 600 1408 649 magistratum,
1452 612 1529 637 non
1567 601 1693 641 diem
1720 599 1825 648 *quid

130 663 132 665 ’
162 654 242 702 egit
266 655 390 702 pri-ns,
431 656 500 691 sed
529 657 621 704 quid
649 657 803 692 omnino
832 657 911 705 egit
937 658 1042 694 aliud
1068 658 1143 693 nisi
1179 663 1222 695 ut
1253 669 1313 693 me
1341 661 1565 693 conservato
1593 662 1757 694 vestram
1783 655 1823 691 ιιι

161 714 357 757 posterum
384 711 606 759 dignitatem
634 713 973 759 auctoritatemque
1000 713 1190 749 sanciret?

275 769 309 813 ξ.
332 767 370 802 9.
427 768 479 803 Di
506 768 736 815 immortales
765 773 946 816 quantum
972 767 1064 804 mihi
1082 768 1307 804 beneficium
1326 768 1478 804 dedisse
1497 767 1688 812 videmini,
1718 765 1824 815 quod

160 821 234 858 hoc
261 833 359 857 anno
387 824 433 860 P.
448 813 632 859 Lentulus
662 825 796 860 consul
823 827 899 860 est!
928 836 1003 872 quo
1034 829 1175 871 quanto
1190 825 1320 860 maius
1330 824 1541 868 dedissetis,
1572 825 1605 860 si
1627 822 1826 889 superiore

161 888 259 913 anno
287 877 440 914 fuisset!
494 880 575 915 Nec
602 880 700 915 enim
723 880 911 928 eguissem
929 880 1118 918 medicina
1137 880 1338 923 consulari,
1363 880 1436 916 nisi
1456 880 1646 917 consulari
1667 879 1823 916 vulnere

162 923 422 970 concidissem.
480 935 687 971 Audieram
714 948 760 971 ex
790 937 1065 983 sapientissimo
1093 936 1244 972 homine
1267 942 1380 984 atque
1402 936 1546 983 optimo
1568 936 1644 972 civi
1665 940 1706 971 et
1725 934 1820 979 viro,

163 989 212 1034 Q.
243 989 403 1034 Catulo,
447 1002 523 1026 non
558 1002 670 1038 saepe
706 1003 820 1026 unum
848 992 1042 1028 consulem
1067 992 1303 1040 improbum,
1348 992 1444 1029 duos
1483 1003 1574 1028 vero
1616 1001 1821 1039 numquam

159 1045 249 1092 post
274 1045 432 1082 Romam
459 1047 654 1084 conditam
676 1053 836 1095 excepto
869 1048 937 1084 illo
966 1048 1136 1085 Cinnano
1167 1053 1337 1095 tempore
1371 1049 1504 1084 fuisse.
1548 1046 1670 1096 quare
1699 1058 1830 1092 meam¹

161 1112 312 1136 causam
339 1113 485 1155 semper
519 1103 601 1138 fore
630 1103 878 1138 firmissimam
908 1103 1033 1138 dicere
1062 1101 1229 1146 solebat,
1273 1105 1362 1139 dum
1398 1104 1460 1139 vel
1486 1115 1582 1138 unus
1610 1103 1651 1139 in
1678 1113 1720 1138 re
1747 1110 1818 1149 pu·

159 1155 261 1191 blica
288 1157 422 1193 consul
450 1163 561 1194 esset.
623 1159 737 1204 Quod
764 1171 850 1195 vere
880 1159 1037 1203 dixerat,
1065 1159 1097 1194 si
1123 1159 1165 1195 id
1193 1160 1241 1195 de
1271 1159 1418 1195 duobus
1448 1150 1678 1203 consulibus,
1714 1157 1819 1206 quod

159 1218 246 1249 ante
273 1213 313 1248 in
341 1225 383 1248 re
410 1213 565 1260 publica
592 1215 731 1258 fuerat,
772 1226 937 1262 perenne
966 1221 1005 1251 et
1028 1215 1224 1279 proprium
1251 1227 1402 1251 manere
1428 1215 1629 1262 potuisset.
1703 1213 1819 1258 Quod

158 1268 191 1303 si
221 1268 270 1313 Q.
299 1269 477 1305 Metellus
505 1270 573 1305 illo
603 1275 772 1318 tempore
800 1271 934 1307 consul
959 1271 1093 1307 fuisset
1118 1271 1312 1315 inimicus,
1357 1271 1538 1308 dubitatis
1578 1281 1654 1318 quo
1691 1269 1817 1306 animo

157 1325 273 1360 fuerit
297 1325 354 1359 in
364 1337 424 1361 me
452 1328 711 1362 conservando
735 1328 919 1371 futurus,
963 1339 1087 1375 quum
1117 1328 1157 1362 in
1196 1328 1430 1363 restituendo
1470 1328 1664 1393 auctorem
1700 1325 1834 1362 fuisse·

159 1380 481 1429 ascriptoremque
508 1381 681 1418 videatis.
1228 1404 1231 1407 -

270 1439 304 1484 §-
336 1438 398 1472 10.
457 1436 534 1474 Sed
561 1439 714 1474 fuerunt
742 1438 818 1474 duo
846 1404 1033 1483 consules,
1064 1449 1223 1502 quorum
1250 1443 1393 1475 mentes
1424 1438 1617 1486 angustae,
1643 1436 1817 1480 humiles,

156 1503 307 1539 parvae,
335 1494 512 1540 oppletae
540 1495 704 1529 tenebris
733 1506 778 1529 ac
798 1495 986 1537 sordibus,
1015 1506 1151 1531 nomen
1170 1495 1295 1541 ipsum
1315 1495 1546 1537 consulatus,
1574 1494 1816 1541 splendorem

155 1548 257 1584 illius
298 1547 474 1592 honoris,
517 1550 813 1597 magnitudinem
848 1549 942 1585 tanti
976 1549 1124 1597 imperii
1161 1561 1232 1585 nec
1264 1550 1409 1587 intueri
1431 1561 1502 1597 nec
1531 1549 1717 1586 sustinere
1744 1558 1816 1584 nec

157 1615 292 1651 capere
319 1610 536 1651 potuerunt,
566 1616 643 1640 non
671 1607 858 1648 consules,
888 1606 957 1641 sed
983 1603 1210 1641 mercatores
1231 1598 1510 1654 provinciarum
1531 1617 1577 1641 ac
1599 1604 1816 1645 venditores

156 1664 302 1696 vestrae
330 1659 537 1706 dignitatis.
596 1660 767 1704 Quorum
795 1662 891 1697 alter
919 1672 942 1695 a
967 1672 1028 1696 me
1054 1661 1265 1704 Catilinam,
1293 1666 1499 1697 amatorem
1525 1671 1635 1696 suum
1648 1686 1658 1703 ,
1687 1658 1816 1695 multis

156 1714 408 1759 audientibus,
436 1715 532 1751 alter
554 1715 764 1764 Cethegum
791 1716 1059 1765 consobrinum
1085 1717 1282 1765 poscebat:
1314 1716 1380 1765 qui
1407 1728 1467 1754 me
1496 1717 1581 1756 duo¹
1602 1715 1814 1753 sceleratis-

155 1772 244 1808 simi
266 1777 357 1819 post
379 1771 572 1807 hominum
599 1773 816 1809 memoriam
843 1785 919 1808 non
949 1774 1135 1816 consules,
1161 1774 1230 1809 sed
1256 1774 1423 1809 latrones
1452 1784 1530 1814 non
1558 1772 1681 1812 modo,
1704 1771 1812 1811 dese-

156 1833 314 1865 ruerunt
339 1828 379 1863 in
407 1839 520 1863 causa
547 1829 767 1875 praesertim
792 1829 946 1877 publica
973 1833 1012 1865 et
1038 1829 1243 1874 consulari,
1282 1829 1350 1865 sed
1376 1829 1650 1876 prodiderunt,
1692 1838 1813 1875 oppu-

156 1890 328 1931 gnarunt,
357 1884 457 1919 omni
472 1884 613 1919 auxilio
635 1896 711 1920 non
732 1886 856 1923 solum
875 1897 956 1928 suo,
977 1885 1045 1920 sed
1066 1885 1178 1928 etiam
1193 1891 1320 1921 vestro
1341 1890 1628 1932 ceterorumque
1643 1884 1817 1923 ordinum

155 1940 356 1987 spoliatum
395 1950 478 1976 esse
519 1940 742 1977 voluerunt=
777 1940 950 1989 ’quorum
990 1940 1084 1976 alter
1123 1945 1249 1978 tamen
1287 1951 1411 1989 neque
1445 1951 1506 1977 me
1533 1951 1658 1988 neque
1687 1949 1829 1988 queam.

156 2006 270 2044 quam
296 1995 442 2033 fefellit.

904 2038 1000 2092 Gap
1030 2037 1070 2083 V.

263 2109 298 2155 g.
327 2108 389 2143 11.
429 2107 523 2152 Quis
554 2108 653 2144 enim
681 2108 796 2143 ullam
823 2107 935 2144 ullius
964 2108 1057 2143 boni
1084 2118 1190 2155 spem
1216 2107 1403 2143 haberet
1391 2119 1432 2142 m
1453 2117 1500 2144 eo
1522 2106 1630 2143 cuius
1650 2104 1814 2171 primum

152 2167 299 2212 tempus
328 2164 459 2201 aetatis
487 2165 613 2211 palam
640 2164 773 2201 fuisset
809 2164 858 2200 ad
893 2164 1060 2200 omnium
1086 2153 1264 2200 libidines
1300 2163 1564 2211 divulgatum?
1607 2163 1674 2210 qui
1708 2172 1759 2198 ne
1790 2172 1825 2205 a·

152 2220 386 2262 sanctissima
413 2220 564 2268 quidem
590 2225 701 2285 parte
730 2216 900 2268 corporis
926 2221 1116 2272 potuisset
1140 2219 1364 2257 hominum'
1353 2231 1539 2267 impuram
1559 2219 1811 2264 intemperan-

151 2277 242 2313 tiam
263 2277 508 2330 propulsare.
538 2277 603 2325 qui
631 2289 747 2325 quum
775 2289 881 2313 suam
907 2289 988 2314 rem
1014 2289 1090 2314 ιιοιι
1115 2277 1236 2313 minus
1261 2283 1413 2313 strenue
1442 2287 1554 2323 quam
1580 2279 1727 2322 postea
1741 2284 1812 2320 pu·
1822 2310 1824 2312 ,

150 2326 289 2370 blicam
316 2333 558 2377 confecisset,
602 2338 807 2380 egestatem
836 2339 875 2369 et
900 2333 1088 2369 luxuriam
1115 2333 1322 2369 domestico
1350 2331 1541 2368 lenocinio
1568 2329 1812 2367 sustentavit·
1819 2361 1824 2375 ;

151 2389 226 2436 qui
244 2389 317 2425 nisi
344 2388 383 2424 in
412 2400 516 2424 aram
544 2389 755 2424 tribunatus
785 2390 1043 2437 confugisset,
1070 2398 1193 2435 neque
1221 2388 1298 2423 vim
1318 2387 1513 2442 praetoris
1541 2397 1613 2422 nec
1641 2384 1810 2422 multitu-
1820 2420 1823 2424 ,

151 2444 277 2484 dinem
305 2445 536 2483 creditorum
564 2457 635 2482 nec
670 2444 858 2482 bonorum
895 2445 1212 2493 proscriptionem
1249 2445 1414 2493 effugere
1442 2443 1645 2492 potuisset.
1683 2440 1822 2485 Quo,

149 2500 189 2536 in
217 2503 440 2551 magistratu
463 2502 536 2538 nisi
564 2502 800 2550 rogationem
827 2503 874 2538 de
901 2502 1063 2549 piratico
1091 2501 1194 2538 bello
1224 2502 1390 2554 tulisset,
1428 2501 1602 2547 profecto
1640 2501 1825 2545 egestate,

149 2560 190 2594 et
213 2559 459 2606 improbitate
487 2565 640 2596 coactus
666 2559 863 2606 piraticam
889 2558 983 2606 ipse
997 2559 1168 2596 fecisset·
1213 2569 1257 2594 ac
1285 2545 1430 2594 minore
1459 2556 1610 2604 quidem
1639 2565 1727 2590 cum
1754 2551 1812 2588 rei

147 2615 324 2661 publicae
353 2614 579 2668 detrimento
622 2627 732 2663 quam
772 2615 876 2662 quod
915 2616 1016 2651 intra
1051 2614 1202 2650 moenia
1233 2614 1398 2649 nefarius
1430 2611 1549 2647 hostis
1588 2609 1821 2656 praedoque¹

147 2674 318 2708 versatus
353 2675 433 2706 est-¹
470 2681 546 2718 quo
581 2672 816 2719 inspectante
849 2682 894 2705 ac
934 2656 1089 2715 sedente
1116 2671 1240 2718 legem
1266 2670 1438 2705 tribunus
1466 2666 1590 2714 plebis
1616 2665 1720 2702 tulit:
1761 2674 1811 2699 ne

148 2728 326 2777 auspiciis
353 2725 687 2774 obtemperaretur,
716 2739 764 2764 ne
791 2727 1034 2763 obnunciare
1045 2726 1205 2762 concilio
1226 2731 1292 2761 aut
1312 2723 1486 2772 comitiis,
1501 2734 1562 2759 ne
1588 2721 1666 2768 legi
1692 2720 1825 2785 intes-3}

149 2783 286 2821 cedere
311 2784 457 2829 liceret,
487 2788 529 2820 ut
555 2783 619 2820 lex
646 2785 758 2821 Aelia
787 2788 827 2820 et
851 2782 969 2818 Fufia
986 2794 1034 2818 ne
1062 2781 1220 2818 valeret·
1269 2792 1365 2830 quae
1392 2779 1515 2816 nostri
1541 2778 1699 2814 maiores
1727 2764 1825 2819 cer-'5³

147 2831 293 2880 tissima
317 2834 486 2880 subsidia
513 2841 569 2879 rei
595 2841 772 2892 publicae
800 2844 933 2879 contar
953 2838 1176 2877 tribunicios
1205 2837 1352 2888 furores
1380 2847 1463 2876 esse
1489 2835 1717 2883 voluerunt.
