2030 3086
945 37 1073 115 ’ῥυ

216 207 265 232 ο
293 188 632 236 metor-n,
624 189 1111 239 memmen-
1134 190 1264 230 vatin.
1267 192 1527 241 κώπαισι.
1403 194 1747 242 mm
1769 182 1868 239 μβ
1899 199 1914 210 ·

194 240 309 274 euris:
333 247 406 281 quo
428 237 573 282 quidem
595 237 680 272 loco
703 240 928 282 appreh-ute
938 239 1099 275 Klotzio
1112 235 1432 282 mffltmfflg.
1446 235 1868 282 *mrumst

194 283 314 320 curia!
350 283 444 318 Vide
470 284 576 317 eam
600 283 696 318 Sest.
719 285 777 325 24,
801 286 865 320 53:
891 295 997 328 quum
1019 295 1137 320 meum
1158 285 1258 320 mm
1281 293 1437 322 cunm·-
1451 294 1534 320 ιιοιι
1556 284 1674 322 minin
1695 285 1867 327 lieth-0,

193 331 259 365 sed
282 327 392 364 teota'
395 329 496 363 urbis
521 339 575 363 sc
589 330 729 374 templs
750 331 789 363 lu
791 335 933 373 gerent,
956 341 1060 364 nemo
1084 336 1242 365 vestrum
1262 331 1394 370 forum,
1418 337 1524 364 nemo
1547 333 1705 375 curiam.
1740 331 1866 374 ‚sspi-

195 386 286 410 cere
299 375 420 409 vellet.
466 374 527 411 Sic
551 385 662 420 saepe
687 342 814 411 Cicero
843 376 958 410 rebus
976 372 1142 412 §samii
1171 387 1318 411 sensus
1316 375 1507 410 hominum
1536 385 1580 409 oc
1601 370 1744 418 linguae
1765 385 1868 412 usum

194 421 328 456 tribuit.
376 419 551 460 Oratores
582 423 703 463 graeci
731 418 766 454 in
797 432 841 456 es
870 432 909 455 re
939 424 1112 457 castiores
1146 428 1244 457 sunt.
1282 423 1346 456 cfr.
1380 425 1498 455 tamen
1527 421 1697 456 Aeschin.
1729 422 1868 456 adven.

195 466 354 509 Ctesiph-
377 466 410 509 9.
424 461 552 507 sm„
556 465 839 511 &suescant-ec
894 475 960 503 ους
978 465 1069 506 τοὺς
1092 468 1168 502 τῶν
1176 464 1466 516 demota
1487 464 1611 501 elme
1636 461 1844 510 &celfam
1834 468 1866 489 ·“

191 511 314 548 Halm.
327 509 423 545 Vide'
433 509 636 555 praeterea:
661 510 822 553 Sennea,
839 513 857 547 1
884 513 920 545 8·
934 521 1039 554 quem
1049 514 1277 554 cunum-gis
1281 511 1536 555 requiffitaq
1534 510 1867 559 uem'ion'mluxit?

193 567 302 600 quem
320 565 434 600 aeque
445 559 525 601 ipsa
542 556 731 590 tribunalia
747 557 1070 592 desideraverunt?
1082 559 1203 592 Pison.
1219 558 1251 599 9.
1264 559 1326 590 21·
1339 565 1447 599 quum
1459 556 1583 591 omnes
1581 554 1678 594 boni
1695 554 1868 591 abdiu-in-

194 603 355 647 dunque
369 606 580 641 maererent,
587 602 931 643 templagemerent‚
938 603 1222 645 tecteipsaurbis
1232 603 1405 644 lugerent
1413 602 1497 635 ibid.
1503 605 1562 643 22,
1571 602 1634 636 52:
1656 606 1732 635 ut..
1737 603 1869 637 ,θείω

193 648 360 682 moenis
349 657 428 690 ipsa
440 647 641 680 viderentur
655 650 691 677 et
704 650 801 679 tecte
818 645 914 679 urbis
929 655 971 679 ao
991 648 1124 690 templs
1138 648 1275 681 laeteri.
1305 647 1432 681 Famil.
1443 647 1479 686 6,
1491 648 1525 687 3,
1536 647 1576 680 8.
1585 647 1665 680 --οοᾱ
1673 648 1710 680 in
1722 657 1769 680 ea
1781 647 1869 682 urbe

193 695 232 727 in
244 702 315 735 qus
326 692 415 724 haec
430 692 488 724 vel
501 692 605 733 plura
616 695 655 724 et
665 692 848 724 ornatiora
863 693 1018 733 parietes
1032 693 1205 736 ipsiloqui
1217 701 1326 735 posse
1337 691 1538 724 videantur·
1557 691 1673 736 2Δᾲι.
1686 692 1722 732 4,
1732 691 1771 724 9·
1784 692 1870 734 quid

189 735 268 771 'tom
280 736 455 779 populare
479 745 585 791 quam
607 736 702 778 pax?
728 746 798 778 qus
819 746 891 770 uon
915 737 1023 770 modo
1040 739 1072 771 ei
1095 737 1219 780 quibus
1242 741 1370 771 natura
1391 746 1533 771 sensum
1547 724 1662 778 dedit,
1683 735 1747 770 sed
1763 738 1868 772 θείω

195 786 293 816 tecta
315 786 424 824 atque
448 783 524 824 agri
554 781 636 815 mibi
665 782 791 815 laetari
821 782 996 817 videntur.
1042 783 1203 817 Marcell.
1228 784 1261 824 3,
1290 785 1349 825 10·
1379 784 1555 825 parietes,
1583 780 1721 816 medius
1749 782 1867 824 fidius,

192 832 232 861 ut
254 828 339 860 mihi
362 828 519 869 videtur,
543 828 646 860 huius
670 828 787 859 curiae
812 827 872 860 tibi
898 829 1029 869 gratias
1053 838 1161 871 agere
1186 808 1354 871 gestiunt.
1396 828 1512 868 Avcad.
1534 829 1628 869 2,1,
1651 827 1690 861 3·
1710 829 1808 862 oculi
1832 832 1869 861 et

193 874 264 909 fori
289 877 328 907 et
350 874 483 907 curiae.
514 874 576 907 cir.
607 875 714 906 etiam
736 872 890 915 Philipp.
915 874 973 916 10,
995 875 1029 907 4.
1052 884 1118 918 pro
1144 874 1288 908 Cornel-
1313 876 1332 907 1
1357 873 1389 916 9.
1416 871 1470 907 19.
1517 874 1561 907 Τ.
1583 851 1660 908 Li’v.
1683 874 1718 915 2,
1741 875 1800 916 24,
1822 873 1866 908 3:

194 924 235 953 at
255 929 344 953 vero
375 921 474 953 curis
502 923 640 953 maesta
669 928 711 952 uc
741 918 882 961 trepida
912 919 1056 962 ancipiti
1080 924 1177 953 metu
1194 944 1202 952 .
1220 945 1230 953 .
1244 944 1252 953 .
1278 919 1466 953 Servilium
1490 918 1741 953 consulem...
1763 928 1868 955 orate

194 969 258 998 ut.
271 988 281 997 .
294 987 304 997 .
328 963 426 998 Satis
454 966 561 1008 igitur
594 964 714 1003 multis
745 965 916 1006 exemplis
948 964 1178 999 confirmasse
1202 964 1287 999 mihi
1310 965 1436 998 videor
1459 965 1550 997 hauc
1575 963 1758 998 Ciceronis
1782 969 1867 998 con-

195 1009 419 1043 suetudinem
449 1020 555 1053 quam
584 1019 631 1043 ne
658 1009 770 1042 verbo
801 1010 943 1051 quidem
973 1011 1172 1051 attigissem
1200 1020 1292 1050 uno,
1326 1011 1392 1043 nisi
1422 1011 1510 1044 miro
1544 1009 1725 1051 obreptus,
1747 1018 1868 1045 omre

196 1054 350 1089 Wolfius
371 1055 410 1088 in
433 1059 666 1089 commentar.
684 1058 774 1087 orat.
790 1064 843 1097 pr.
858 1055 1019 1088 Marcell.
1044 1056 1114 1088 isto
1134 1056 1241 1088 modo
1258 1055 1355 1097 loqui
1374 1058 1541 1098 negasset
1563 1059 1641 1088 esse
1654 1054 1868 1089 Tulli-uun.

308 1099 516 1144 videnum]
563 1101 606 1134 In
628 1100 703 1132 Erl
727 1101 850 1133 ‘inveni
882 1100 1066 1133 ‘iubentis’
1110 1102 1168 1135 De
1191 1110 1229 1133 re
1255 1101 1319 1134 etr.
1341 1100 1470 1133 Parad.
1493 1101 1529 1140 4,
1552 1101 1616 1132 27.
1649 1099 1733 1133 Non
1755 1101 1861 1142 igitur

197 1150 277 1178 erat
306 1145 370 1177 illa
399 1148 472 1177 tum
505 1147 626 1178 civitas
659 1155 765 1186 quum
794 1145 895 1185 leges
925 1146 961 1177 in
986 1154 1031 1177 ea
1060 1146 1145 1178 nihil
1176 1145 1365 1178 valebant:
1396 1154 1501 1186 quum
1532 1145 1660 1178 iudicia
1687 1145 1867 1179 iacebant·

196 1199 305 1233 quum
319 1199 398 1222 mos
408 1192 544 1232 patrius
568 1191 762 1224 occiderat·
788 1200 895 1232 quum
917 1190 1014 1224 ferro
1037 1191 1148 1233 pulsis
1171 1190 1434 1233 magistratibus
1456 1194 1600 1224 senatus
1624 1200 1754 1225 nomen
1772 1191 1810 1234 in
1826 1201 1867 1225 re

194 1236 291 1279 p-ubl
315 1245 389 1268 non
414 1241 499 1269 erat.

310 1281 341 1323 9.
366 1281 402 1314 7.
447 1289 562 1325 quum
583 1282 618 1314 is
639 1280 876 1314 esi-cessisset.
889 1280 916 1322 .]
966 1280 1043 1321 „De
1068 1290 1107 1314 se
1130 1281 1286 1323 loquitur
1310 1290 1417 1323 quum
1436 1280 1467 1313 is
1491 1281 1527 1313 in
1551 1280 1714 1314 exsilium
1736 1280 1869 1316 sbi-set

172 1330 177 1335 '
198 1328 257 1370 qui
279 1336 353 1360 non
376 1327 516 1370 privato
541 1326 701 1367 consilio,
727 1325 789 1359 sed
813 1330 958 1360 auctore
982 1331 1108 1360 senatu
1127 1327 1336 1370 supplicium
1362 1326 1406 1360 de
1425 1327 1618 1360 eoniurstis
1636 1330 1864 1370 sampson-⁸2⁸

196 1373 342 1406 Hotom.
369 1373 555 1411 „Ernestio
579 1373 615 1405 id
638 1382 711 1404 non
735 1372 820 1404 satis
844 1371 1009 1414 placebat
1033 1374 1114 1414 quia
1139 1373 1315 1406 discessus
1333 1372 1514 1414 Ciceronis
1537 1373 1678 1410 lougius
1701 1374 1865 1415 proeces-

196 1422 303 1451 serat.
351 1417 423 1451 Sed
449 1427 556 1459 quum
577 1419 646 1450 hoc
669 1418 752 1449 loco
777 1420 832 1448 est
855 1418 1015 1458 causale,
1046 1428 1119 1450 nou
1143 1418 1370 1460 temporale!
1418 1417 1554 1451 Weisk.
1578 1417 1689 1450 wolf.
1713 1417 1869 1452 ostendit

194 1464 397 1497 necessario
424 1463 632 1497 Ciceronem
655 1462 924 1503 intelligendum
947 1472 1037 1495 esse.

214 1514 217 1516 “
308 1508 529 1550 volitantes]
552 1509 734 1548 vulgatam
759 1511 902 1540 secutus
926 1517 1003 1540 sum
1027 1508 1216 1540 lectionem
1241 1510 1368 1540 contra
1399 1507 1647 1540 auctoritatem
1668 1508 1866 1550 Erlangen-

195 1555 243 1588 sis
265 1554 303 1587 in
327 1562 398 1594 quo
422 1554 538 1586 inveni
562 1552 778 1586 ‘volitarent'
803 1553 899 1594 quod
923 1554 1043 1585 minus
1066 1552 1146 1584 huic
1177 1553 1258 1586 loco
1290 1552 1478 1585 conve-nire
1501 1551 1653 1585 videtur.
1697 1551 1755 1586 De
1778 1554 1866 1587 voli-

195 1599 296 1632 tandi
319 1602 437 1631 autem
460 1599 569 1631 verbo
594 1598 765 1631 translate
795 1599 913 1639 posito
946 1598 1099 1631 conferri
1130 1601 1281 1638 possunt
1311 1607 1401 1638 quae
1434 1596 1626 1638 disputavit
1648 1597 1866 1640 Naegelsba-

197 1644 298 1677 chius
321 1644 357 1676 in
379 1643 469 1675 libro
493 1644 555 1676 illo
582 1644 626 1676 de
651 1652 754 1675 serm.
779 1643 840 1674 lat.
867 1643 897 1683 9.
913 1643 988 1674 132.
1009 1645 1041 1675 2.
1064 1652 1146 1684 pag.
1158 1643 1236 1675 380.
1260 1642 1371 1674 Recte
1384 1642 1567 1674 Manutius
1591 1642 1637 1674 ad
1660 1642 1753 1677 Sest.
1780 1645 1867 1684 1,1:

198 1689 288 1730 ,hoc
311 1687 458 1720 verbum
481 1690 706 1721 securitatem
731 1687 919 1740 quamdam
944 1687 1172 1729 [sensumque
1195 1685 1426 1728 impunitatis]
1453 1686 1680 1728 (addidithoc
1692 1688 1867 1729 Halmius)

194 1734 400 1775 arrogantia
423 1733 712 1775 impudentisque
737 1728 959 1765 coniunctam
983 1732 1188 1773 significat!
1236 1731 1449 1774 Saepissime
1473 1741 1558 1764 vero
1582 1732 1651 1765 hoc
1675 1733 1785 1766 verbo
1809 1733 1867 1767 ci-

195 1788 361 1812 ceronem
383 1788 485 1811 usum
510 1789 589 1812 esse
614 1778 798 1810 declarant
820 1778 889 1809 loci
914 1788 935 1810 a
958 1776 1240 1816 Naegelsbachio
1265 1778 1361 1810 citati
1386 1775 1511 1817 quibus
1535 1777 1616 1810 addi
1640 1782 1790 1818 possunt
1812 1779 1866 1811 hi.

194 1823 486 1857 Rosc.Am.46.
513 1824 590 1858 135.
615 1825 636 1856 2
662 1822 765 1856 Catil.
789 1823 822 1862 3,
847 1823 879 1855 5
906 1823 938 1863 7,
966 1822 1018 1855 15.
1043 1822 1161 1854 Pison.
1186 1822 1221 1861 4,
1247 1823 1279 1855 8.
1306 1824 1361 1861 12,
1385 1822 1440 1855 26.
1466 1821 1522 1861 25,
1547 1822 1602 1855 59.
1631 1822 1704 1856 Mil.
1729 1824 1786 1864 33,
1811 1823 1866 1857 91.

195 1871 217 1902 2
241 1870 330 1911 Agr.
355 1870 412 1907 22,
435 1869 492 1903 59.
515 1870 572 1908 36,
597 1869 652 1902 99.
688 1868 732 1899 de
753 1867 846 1900 dom.
873 1868 926 1907 19,
949 1867 1006 1899 49.
1030 1868 1148 1900 Flacc.
1174 1846 1228 1907 16,
1253 1867 1308 1900 38.
1334 1866 1437 1899 Sest.
1452 1866 1487 1906 4,
1512 1867 1544 1899 9.
1567 1867 1627 1908 43,
1650 1868 1707 1902 94.
1728 1868 1786 1910 44,
1808 1869 1866 1903 96.

194 1915 305 1948 Attio.
331 1915 364 1954 2,
390 1914 446 1954 21,
471 1916 502 1947 1.
528 1913 630 1947 Orat.
651 1915 682 1952 1,
707 1912 763 1952 38,
790 1913 867 1945 173.
892 1912 933 1945 Τ.
957 1913 1032 1945 Liv.
1057 1913 1090 1950 3,
1115 1912 1171 1951 35,
1196 1912 1228 1944 5.
1251 1913 1286 1951 4,
1312 1913 1366 1951 19,
1392 1914 1424 1945 2.

310 1960 411 1991 treta
432 1956 669 2000 dampnata]
694 1959 754 1989 sic.
781 1958 858 1989 cod
883 1958 959 1990 Erl.
985 1961 1020 1989 et
1044 1937 1141 1988 editt.
1166 1957 1275 1990 Wolf.
1299 1956 1415 1990 Nobb.
1440 1956 1560 1989 Klotz.

312 2003 410 2035 tecta
434 2002 669 2051 oppvmta]
706 2012 725 2033 e
759 2002 861 2034 codd.
893 2001 1032 2034 Oxonn.
1063 2002 1107 2034 Η
1143 1993 1182 2034 Σ.
1215 2002 1322 2033 edidit
1353 2001 1487 2035 Weisk.
1534 2001 1594 2033 De
1623 2010 1664 2033 re
1693 2002 1779 2043 ipss.
1802 2002 1867 2035 efr-

194 2048 326 2082 Parad.
349 2048 384 2085 4,
410 2048 472 2081 28·
497 2057 602 2090 quum
627 2048 779 2089 parietes
805 2046 1045 2086 disturbabas,
1066 2056 1180 2088 quum
1205 2048 1307 2080 tectis
1338 2047 1531 2080 sceleratas
1560 2045 1657 2079 faces
1678 2045 1867 2081 inferebas.

194 2093 279 2127 ibid.
303 2093 335 2135 9.
360 2093 422 2126 30.
447 2095 661 2135 privatorum
687 2093 829 2132 domos,
855 2092 963 2124 aedes
988 2102 1106 2124 sacras
1131 2093 1327 2126 incendisti.

310 2139 450 2178 templa
460 2137 706 2179 inflammata]
733 2138 811 2169 cod.
830 2138 905 2169 Ε.ι·1
933 2137 1077 2178 templa
1087 2137 1315 2169 inflammati
1354 2137 1411 2169 De
1434 2146 1474 2168 re
1498 2136 1560 2169 cfr.
1583 2135 1708 2177 Milon.
1733 2138 1789 2177 27,
1803 2138 1867 2171 ⁷³:

200 2183 258 2226 qui
283 2182 408 2215 aedem
430 2182 675 2226 Nympharum
704 2183 863 2215 incendit
890 2186 929 2214 ut
958 2183 1161 2214 memoriam
1192 2182 1368 2224 publicam
1398 2182 1614 2214 recensionis
1645 2180 1774 2215 tabulis
1802 2183 1866 2215 im-

193 2233 353 2270 pressam
371 2230 626 2282 exstingueret.
653 2227 752 2260 Coel.
771 2228 827 2266 32,
848 2228 908 2260 78·
934 2227 1020 2259 Sex.
1039 2227 1208 2259 Clodius.
1240 2227 1330 2267 ,qui
1354 2227 1460 2258 aedes
1485 2236 1617 2264 sacras,
1643 2228 1699 2267 qui
1725 2237 1868 2260 censum

194 2273 318 2314 populi
342 2282 443 2313 rom„
476 2275 534 2315 qui
559 2273 764 2304 memoriam
795 2271 971 2313 publicam
997 2273 1067 2304 suis
1091 2272 1250 2303 manibus
1274 2271 1440 2304 incendit.
1489 2269 1582 2303 Sest.
1605 2250 1661 2311 39,
1687 2272 1748 2304 84·
1785 2272 1868 2314 quid

196 2318 247 2349 uti
271 2317 427 2349 feceret?
453 2319 558 2351 sedes
582 2317 812 2349 incenderet?
838 2321 933 2349 tecta
958 2316 1197 2349 disturbaret?
1229 2317 1363 2358 templa
1387 2316 1535 2349 deorum
1557 2316 1707 2348 immort-
1733 2317 1868 2350 infiam-

195 2362 336 2396 maret?
366 2362 493 2396 Parad.
517 2365 552 2403 4,
576 2364 637 2395 31:
673 2363 779 2395 aedes
802 2362 1049 2405 Nympharum
1071 2372 1178 2395 manu
1201 2366 1264 2395 tua
1289 2361 1510 2404 deflagravit.
1546 2361 1626 2393 vide
1652 2363 1757 2395 etiam
1779 2363 1865 2396 Hor.

195 2407 303 2450 Resp.
328 2408 384 2447 27,
409 2408 463 2440 57.
490 2407 586 2448 Quir.
612 2408 644 2447 6,
671 2408 724 2440 14.

310 2450 432 2495 fasces
460 2451 618 2494 fractos]
657 2452 700 2493 Q.
724 2452 861 2486 Metelli
893 2451 1042 2494 putabat
1071 2452 1269 2486 Manutius:
1298 2452 1339 2486 P.
1363 2450 1503 2485 Lentuli
1534 2450 1726 2484 Hotoman.
1758 2452 1868 2487 Wolf.

195 2499 314 2532 Klotz.
342 2498 481 2531 Gabinii
506 2508 593 2530 vero
623 2499 738 2530 fasces
767 2508 953 2539 perperam
983 2499 1185 2538 intelligunt
1207 2498 1342 2542 Weislg.
1366 2498 1563 2530 Drumann.
1596 2495 1716 2531 Savel.
1746 2497 1867 2532 Mark-

195 2544 322 2577 landus
347 2544 499 2585 denique
524 2554 599 2576 rem
625 2544 766 2575 omnino
790 2543 907 2574 fictam
933 2547 1055 2574 censet
1079 2547 1114 2574 et
1138 2544 1425 2576 commenticiam.

312 2591 442 2630 optimc
464 2587 621 2631 tribuni]
664 2589 713 2620 sic
738 2588 841 2621 codd.
866 2588 939 2620 Erl.
967 2592 1002 2620 et
1024 2587 1118 2621 Pith.
1144 2599 1247 2630 quam
1270 2589 1459 2623 lectionem
1484 2587 1646 2629 equidem
1668 2586 1869 2630 improbare

196 2643 271 2668 non
300 2636 420 2668 ausim.
452 2636 561 2675 vulgo
593 2633 710 2666 editur
743 2634 875 2675 ‘optimi
907 2634 969 2666 viri
1002 2633 1153 2667 tribuni.’
1198 2634 1238 2668 P.
1263 2645 1348 2667 vero
1374 2633 1528 2667 Sestium
1559 2632 1747 2671 significari
1774 2633 1871 2666 inter

198 2689 322 2713 omnes
353 2684 493 2713 constat
523 2681 747 2721 interpretes.
781 2679 852 2712 cfr.
874 2679 999 2711 Milon.
1034 2680 1094 2718 14,
1119 2680 1182 2711 38:
1218 2681 1284 2712 eivi
1317 2679 1460 2721 egregio
1493 2682 1529 2710 et
1557 2679 1634 2710 viro
1664 2677 1869 2718 fortissimo,

193 2724 235 2758 P.
259 2723 397 2764 Sestio,
422 2724 563 2764 conen
585 2734 650 2758 suo
676 2724 873 2757 vulnerato.
912 2724 1040 2758 Parad.
1064 2725 1099 2765 4,
1116 2724 1177 2758 30:
1204 2725 1349 2759 caedem
1371 2724 1407 2757 in
1429 2723 1508 2757 foro
1531 2723 1656 2758 fecisti.
1681 2721 1869 2764 copiosius

195 2774 315 2804 sutem
330 2779 397 2802 “res
417 2774 581 2803 narratur
602 2771 637 2803 in
662 2769 814 2803 Sestisn.
839 2766 919 2810 37,
1913 2767 1923 2772 “

233 2841 235 2843 .
306 2815 561 2856 murratum]
591 2816 627 2848 ιιι
652 2815 726 2848 Erl.
758 2815 889 2855 legitur
919 2814 1080 2847 ‘vulnera
1104 2824 1184 2847 eum
1206 2813 1323 2847 ferro?
1357 2823 1431 2847 ιιοιι
1465 2814 1552 2846 nulli
1583 2812 1735 2855 permoti
1758 2811 1867 2855 mogi-

192 2862 336 2894 stratus.
380 2858 531 2894 Aediles
556 2862 594 2891 et
592 2863 829 2904 quaestores
852 2858 1042 2903 significari
1067 2859 1255 2894 arbitratus
1279 2863 1334 2893 est
1354 2859 1549 2894 Manutius.
1577 2857 1675 2892 no·
1703 2866 1793 2891 vero
1813 2857 1866 2892 in-
