2030 3086
876 54 1029 142 Cu

110 227 122 236 ⁵
155 220 693 302 mwssm
709 219 1135 272 ω,ᾞρᾋῌρᾳ.βεῑ
1151 220 1411 269 >assentiamus
1432 217 1822 275 ostendit-hisyerfln

158 262 360 312 ‚2503AE
455 271 492 301 et
521 265 986 310 qumtoribuscioeronis
1001 276 1145 301 causam
1173 270 1373 309 susceptam
1402 265 1512 300 fuisse
1539 275 1715 309 nequem
1737 275 1819 302 or·—

157 310 316 353 m
340 312 467 354 ΜΨ
495 322 610 356 neque
638 314 675 350 iu
699 312 876 356 epistolia:
899 312 996 355 quod
1019 316 1270 355 nepa-aestate
1294 312 1435 355 quidem
1457 313 1483 348 ii
1512 315 1683 355 poterunt
1697 355 1700 358 ,
1713 321 1822 354 quum

155 364 271 405 neque
294 354 463 392 ferendae
484 359 573 402 legis
597 367 712 402 neque
734 358 957 399 coniocandi
977 361 1122 392 senatus
1142 359 1198 393 ius
1221 357 1436 393 habereut..
1449 382 1458 390 .
1485 357 1567 399 Qua
1587 361 1709 400 strage
1737 366 1820 400 per·

125 407 133 411 ⁴·
156 404 397 441 motifuefint
417 405 445 438 ii
463 406 690 447 magistrati„
712 404 862 445 legimus
882 405 920 438 in
942 403 1095 439 Sestian.
1126 414 1236 446 capp.-
1252 404 1309 437 35.
1332 405 1388 437 36.
1420 404 1599 445 ex‘iisquc
1622 403 1711 437 locis
1736 412 1821 445 cog-

156 450 315 488 noscitur
333 448 802 491 .Q..Fabricium·tribunum
824 448 872 489 pl.
896 450 1084 492 praecipue
1106 450 1162 482 hic
1187 449 1364 490 designari
1388 457 1492 490 quem
1513 465 1558 487 ‚—
1581 449 1614 489 8,
1637 449 1682 482 22
1705 465 1750 472 —
1774 446 1822 482 ad

158 495 309 535 salutem
331 504 447 533 meam
462 495 634 539 voluntas
654 493 810 535 impulit,
836 494 887 527 vis
908 495 1122 536 retardavit,
1146 495 1341 527 auctoritas
1364 497 1484 526 vestra
1503 495 1694 526 revocavit.

424 539 460 583 ]n
476 539 654 573 cod.‘Erl.
685 543 720 571 et
747 539 856 571 lectio
886 540 980 582 vulg.
1009 541 1053 574 E.
1078 540 1182 573 codd.
1203 540 1279 572 Erf.
1305 544 1341 572 et
1364 539 1506 573 Oxonu.
1530 542 1683 580 quatuor
1703 538 1820 574 Nobb.

159 589 198 618 et
217 584 552 624 Klott‹1effldorunt
564 583 801 627 fpaullulum!
885 588 889 594 ’

189 664 193 667 ,
254 628 408 673 -reuqid
428 627 612 672 suerunt-'J
654 629 756 669 Hm
779 639 871 671 quae
895 629 1028 664 Wolfio
1053 629 1214 671 displicet
1228 628 1390 662 'formula
1411 629 1541 671 legitur
1566 633 1664 661 etam
1689 629 1726 661 in
1748 628 1821 662 Va-

158 675 220 708 fin.
245 675 278 715 7,
303 675 364 707 16:
387 675 513 716 reliqui
533 684 598 707 sex
620 675 764 706 fuerunt
788 684 833 706 ex
857 675 980 716 quibus
994 698 1002 706 .
1020 698 1029 706 .
1044 699 1052 706 .
1077 674 1162 708 SaV.

271 727 338 752 nec
359 719 433 763 vis]
455 720 507 753 ita
529 718 633 752 codd.
656 719 731 752 Erl.
756 722 793 750 et
813 719 887 753 Eri.
912 720 1011 754 Lect.
1034 720 1131 761 vulg.
1154 720 1280 760 ‘neque
1304 719 1383 752 vis.’

882 831 986 873 0⁸9.
1008 833 1090 865 IV.

213 915 221 921 ·
273 908 305 951 ξ.
329 910 362 942 8.
407 916 546 950 pareas
565 918 613 943 ac
637 909 742 951 deus]
773 910 865 943 hauc
887 912 1067 953 vulgatam
1091 911 1300 952 scripturam
1322 911 1398 942 iure
1421 909 1506 942 mihi
1535 908 1659 942 videor
1680 912 1821 951 praetu-

159 954 299 987 iissem
321 962 427 995 quam
451 958 594 986 tuentur
617 954 720 987 codd.
742 956 817 988 Erl.
840 955 933 989 Pith.
957 956 1088 989 Dresd.
1113 955 1230 988 Oxon.
1255 966 1346 989 unus
1370 957 1510 998 ‘parens
1528 965 1571 987 ac
1590 953 1719 988 decus!
1761 953 1824 987 cst.

161 999 254 1032 Sest.
278 999 335 1040 69,
362 999 444 1031 144:
479 998 582 1031 video
604 999 645 1031 P.
668 1000 859 1032 Lentulum
890 1003 986 1034 cuius
1019 1011 1086 1043 ego
1118 1005 1256 1043 patrem
1287 1002 1391 1033 duum
1418 1011 1460 1034 ac
1490 1004 1674 1042 parentem
1703 1003 1824 1032 statuo

160 1045 324 1077 fortunae
347 1054 390 1076 ac
412 1044 561 1076 nominis
584 1044 653 1076 mei
676 1048 713 1076 et
733 1045 853 1078 fratris
876 1056 1062 1088 rerumque
1092 1048 1304 1078 nostrarum.
1352 1046 1450 1085 Quir.
1473 1047 1507 1086 5,
1532 1047 1592 1078 11:
1625 1044 1665 1078 P.
1690 1045 1822 1078 Lentu·

160 1089 216 1122 lus
241 1090 364 1122 consul
387 1099 531 1131 parens,
555 1089 660 1128 deus,
685 1091 780 1123 salus
803 1096 947 1124 nostrae
972 1094 1083 1131 vitae,
1106 1092 1288 1131 fortunae,
1313 1092 1521 1130 memoriae,
1546 1090 1707 1122 nominis.
1753 1098 1826 1121 no-

160 1135 278 1167 uitate.
323 1136 445 1167 Latius
468 1138 568 1175 patet
597 1135 666 1167 hoc
697 1136 907 1168 vocabulum
932 1146 1041 1179 quam
1071 1134 1230 1168 nostrum
1261 1137 1444 1178 ,Namenf
1483 1136 1547 1168 cfr.
1578 1134 1672 1168 Sest.
1702 1134 1736 1175 6,
1762 1134 1824 1167 14:

161 1177 357 1213 tribunatus
381 1183 478 1212 totus
501 1179 540 1211 P.
566 1179 671 1214 Sestii
694 1181 780 1214 nihil
804 1182 899 1214 aliud
921 1183 986 1216 nisi
1008 1192 1124 1216 meum
1147 1192 1275 1215 nomen
1300 1192 1510 1224 causamque
1535 1181 1708 1215 sustinuit.
1752 1180 1824 1214 Ita-

163 1234 231 1266 que
253 1225 307 1259 his
329 1227 418 1259 locis
441 1235 572 1258 nomen
594 1226 805 1259 reddiderim
830 1229 1028 1270 germanice
1052 1228 1221 1260 ‘Person’
1523 1247 1529 1250 —

208 1299 210 1301 .
274 1270 486 1312 spec-imvm]
532 1272 575 1303 In
597 1272 673 1305 Erl.
696 1273 825 1314 legitur
848 1273 996 1315 ‘specufz
1029 1274 1065 1305 in
1095 1283 1166 1306 uno
1191 1283 1237 1305 ex
1263 1273 1403 1307 Oxonn.
1439 1271 1652 1315 ‘speculum-⁹
1698 1270 1824 1313 datq-

161 1316 283 1349 nam.
328 1316 418 1349 Post
440 1317 580 1350 comitia
603 1319 804 1351 consularia
827 1321 989 1357 consules
1014 1319 1188 1361 designati
1210 1320 1310 1361 primi
1332 1319 1524 1352 sententias
1547 1317 1768 1360 rogabantur
1790 1319 1827 1347 et

165 1370 287 1393 eorum
308 1363 338 1395 is
360 1363 458 1403 prior
482 1364 541 1404 qui
563 1364 681 1404 priore
702 1364 782 1396 loco
808 1365 1007 1398 declaratus
1033 1369 1118 1397 erat.

163 1415 165 1417 ·
279 1408 498 1448 veeste-tur,
520 1408 762 1448 praeclarum
785 1410 884 1442 illud
905 1409 1034 1451 caput]
1059 1411 1108 1442 ita
1133 1410 1211 1442 cod.
1234 1409 1308 1441 Erl.

275 1451 496 1494 vetaretur,
520 1460 632 1494 quum
654 1454 894 1494 praeclarum
916 1455 1047 1496 caput]
1071 1456 1152 1487 lect.
1177 1457 1309 1496 vulgat.

279 1503 324 1527 ne
356 1497 437 1537 quis
453 1519 461 1527 .
479 1519 489 1528 .
519 1496 691 1538 adesset]
737 1498 969 1532 Marklandus
1000 1506 1035 1531 et
1065 1499 1215 1533 Wolfius
1250 1500 1416 1531 damnant
1450 1498 1540 1530 haec
1571 1495 1681 1529 verba
1710 1503 1825 1537 paene

168 1542 284 1574 omnia
307 1544 414 1581 atque
438 1541 726 1574 declamatorium
751 1546 934 1584 strepitum
956 1550 1082 1586 putant
1104 1546 1219 1578 inesse
1240 1547 1276 1577 in
1299 1545 1352 1577 his
1377 1544 1560 1577 cumulatis
1583 1551 1671 1584 quas
1694 1543 1826 1573 vocant

161 1584 398 1620 locutionibus
432 1588 586 1620 eiusdem
620 1589 818 1627 potestatis.
866 1590 1042 1623 Weiskius
1075 1597 1198 1623 contra
1223 1595 1320 1623 recte
1352 1600 1394 1622 ea
1425 1588 1582 1622 defendit
1609 1587 1662 1619 his
1690 1585 1825 1618 verbis:

166 1641 231 1671 „ue
256 1632 333 1673 quis
357 1631 563 1664 decerneret
587 1633 659 1663 scil.
686 1633 730 1664 de
753 1636 955 1672 revocando
982 1635 1164 1668 Cicerone.
1210 1637 1310 1668 Haec
1333 1635 1449 1667 forma
1477 1632 1646 1675 loquendi
1669 1636 1725 1664 est
1736 1631 1825 1664 anti-

165 1686 256 1719 quae
278 1679 386 1708 notae
410 1681 446 1708 et
467 1678 550 1709 vitio
575 1681 681 1709 caret.

277 1729 322 1753 ’Ψ
332 1720 571 1763 disputaret]
606 1722 647 1753 Id
671 1726 725 1754 est
746 1733 792 1755 ne
813 1726 889 1765 quis
908 1726 944 1757 in
961 1729 1145 1767 utramque
1163 1729 1302 1767 partem
1321 1723 1364 1756 de
1377 1725 1440 1756 illo
1460 1721 1662 1755 revocando
1682 1721 1825 1752 diceret.

279 1774 324 1798 ne
342 1765 562 1807 loqueretur
583 1777 648 1805 „ne
674 1767 717 1798 de
736 1770 805 1800 alia
823 1780 862 1801 re
882 1780 991 1811 agens
1016 1773 1232 1803 mentionem
1255 1771 1437 1802 Ciceronis
1450 1767 1639 1799 revocandi
1655 1766 1822 1798 faceret-⁸

282 1817 327 1843 ne
349 1810 501 1850 pedibus
522 1811 612 1852 iret]
646 1812 702 1850 „id
733 1818 787 1845 est
810 1824 854 1847 ne
879 1816 955 1855 quis
978 1816 1125 1856 pedibus
1150 1820 1308 1847 uteretur
1331 1815 1376 1846 ad
1401 1813 1580 1845 eundum..
1611 1811 1710 1844 Nihil
1733 1811 1826 1842 enim

166 1856 261 1890 uliud
291 1853 488 1895 significant
515 1856 579 1887 illa
610 1857 737 1905 vffbffi
771 1860 845 1891 no'n
873 1860 909 1891 id
940 1861 1034 1901 quod
1064 1871 1209 1893 necesse
1247 1864 1321 1891 erat
1352 1861 1408 1891 ‘ne
1440 1858 1517 1900 quis
1548 1859 1585 1890 in
1614 1857 1826 1889 sententiam

167 1904 369 1942 cuiusquam
392 1900 539 1941 pedibus
565 1902 633 1933 iret
663 1912 724 1934 scu
748 1904 965 1938 discederet!
1015 1905 1155 1948 Quippe
1186 1906 1293 1938 verba
1320 1906 1382 1937 illa
1413 1913 1602 1944 numquam
1623 1912 1698 1934 nou
1720 1900 1825 1933 adiici

166 1949 283 1986 solent
311 1950 345 1977 et
374 1955 519 1986 prorsus
548 1949 747 1980 necessaria
776 1954 858 1981 sunt
888 1951 924 1981 in
953 1951 1111 1983 formula.
1136 1951 1278 1992 publiea
1309 1950 1353 1982 de
1384 1945 1597 1981 discessione
1629 1949 1666 1979 in
1689 1951 1828 1985 senatu,

167 2003 272 2035 quam
295 1990 341 2022 ad
364 2000 437 2022 rem
461 1991 540 2022 vide
561 1992 781 2026 Brissonium
806 1995 849 2026 de
873 1996 963 2027 form
978 1997 1030 2028 alis
1054 1997 1090 2028 H
1112 2006 1193 2037 pag.
1218 1998 1316 2029 201.“
1365 1996 1464 2028 Haeo
1486 1992 1689 2026 Marklandi
1721 1990 1829 2023 νεώ*

167 2047 274 2080 quum
296 2036 471 2077 legissem·
493 2037 626 2078 ingenti
650 2039 765 2071 studio
791 2044 826 2071 et
851 2043 1117 2083 exspectatione
1143 2042 1272 2083 arripui
1295 2041 1424 2073 librum
1439 2040 1630 2074 Baissouii.
1677 2036 1829 2079 Speravi

168 2085 259 2117 enim
284 2091 345 2114 cur
367 2081 474 2113 verba
495 2083 557 2114 illa
581 2085 721 2115 omnino
746 2095 817 2116 uon
842 2088 1021 2126 potuerint
1045 2088 1087 2119 ab
1120 2095 1261 2119 oratore
1292 2088 1420 2126 omitti,
1451 2086 1723 2117 illustrissimum
1751 2084 1828 2117 iure

168 2127 369 2161 consultum
391 2127 527 2158 idoneis
550 2128 633 2159 mihi
658 2132 874 2170 argumentis
897 2131 1128 2172 probaturum
1158 2142 1246 2164 esse.
1295 2132 1366 2165 Sed
1397 2131 1521 2162 mirum
1551 2132 1719 2171 quantum
1749 2136 1829 2159 mea

168 2183 224 2206 me
246 2171 370 2205 fefellit
393 2172 524 2213 opinio.
572 2172 667 2205 Nihil
692 2176 783 2206 enim
806 2177 889 2207 novi
914 2186 958 2208 ex
982 2177 1071 2209 libro
1095 2178 1158 2210 illo
1184 2178 1306 2217 didici,
1337 2177 1421 2208 nihil
1443 2176 1580 2214 inveni,
1614 2184 1658 2206 ne
1682 2173 1828 2204 verbum

169 2218 309 2261 quidem
332 2226 401 2258 quo
427 2216 704 2250 demonstratum
726 2221 831 2255 fuerit
855 2231 916 2252 cur
937 2223 1076 2254 illorum
1100 2223 1287 2254 verborum
1311 2222 1466 2253 accessio
1484 2229 1630 2262 prorsus
1648 2222 1742 2250 esset
1765 2226 1827 2249 ne-

168 2263 331 2296 cessaria.
371 2261 514 2302 Optime
538 2272 623 2294 vero
648 2263 711 2296 has
735 2265 936 2298 Marklandi
959 2277 1070 2308 nugas
1096 2269 1281 2308 castigavit
1303 2266 1480 2299 Gesnerus
1504 2265 1557 2297 his
1582 2263 1715 2295 verbis:
1743 2272 1827 2304 „ap-

167 2311 269 2352 paret
298 2315 342 2339 ea
370 2316 460 2348 quae
489 2308 525 2340 in
557 2315 682 2340 senatu
711 2309 787 2343 fieri
817 2312 950 2352 solent,
979 2314 1029 2345 ita
1058 2313 1196 2355 signata
1225 2313 1281 2345 hic
1313 2317 1348 2344 et
1378 2312 1558 2344 declarata
1588 2319 1666 2342 esse
1698 2313 1738 2341 ut
1759 2308 1828 2341 inis

167 2352 284 2387 verbis
306 2353 354 2385 ‘iu
377 2353 596 2386 seutentism’
619 2355 723 2387 facile
747 2359 961 2390 careamus.“

281 2398 621 2440 proscriptionem]
659 2401 719 2433 cfr.
745 2401 787 2432 de
812 2402 903 2433 dom.
931 2403 985 2443 17,
1009 2404 1070 2435 44:
1107 2403 1219 2436 hanc.
1234 2426 1266 2436 ..
1289 2402 1430 2434 tribuno
1455 2402 1505 2444 pl.
1529 2403 1742 2444 potestatem
1766 2398 1826 2430 da-

167 2444 248 2478 bitis
271 2447 312 2476 ut
333 2443 552 2485 proscribere
575 2446 688 2486 possit
712 2455 799 2487 quos
826 2448 930 2480 velit?
964 2458 1097 2490 quaero
1130 2451 1221 2482 enim
1245 2449 1328 2491 quid
1352 2450 1397 2481 sit
1420 2448 1516 2481 aliud
1539 2445 1826 2489 proscribere...

167 2489 256 2524 huc
279 2489 375 2523 lex?
399 2489 487 2522 haec
511 2492 651 2531 rogatio
677 2494 754 2524 est?
790 2492 871 2526 ibid.
899 2495 953 2534 19,
979 2496 1038 2527 50:
1073 2497 1114 2528 iis
1145 2496 1261 2527 verbis
1292 2495 1423 2536 scripta
1447 2498 1500 2526 est
1522 2493 1591 2525 ista
1613 2490 1827 2532 proscriptio

167 2539 209 2567 ut
230 2544 270 2567 se
292 2535 371 2576 ipsa
394 2534 564 2568 dissolvat
577 2560 585 2569 .
599 2561 608 2569 .
623 2561 632 2570 .
668 2537 764 2577 Quot
786 2539 899 2572 modis
925 2540 1036 2572 doceo
1059 2542 1174 2583 legem
1192 2542 1301 2573 ‘istam
1321 2550 1426 2582 quam
1448 2548 1554 2570 vocas
1575 2546 1646 2568 nou
1672 2544 1751 2568 esse
1775 2534 1826 2567 lc-

169 2579 273 2623 gem?
304 2579 424 2614 Pison.
449 2580 503 2621 13,
527 2582 588 2614 3οε
620 2583 716 2615 illam
740 2584 854 2627 legem
879 2595 969 2626 quae
995 2591 1071 2619 erat
1095 2592 1219 2619 contra
1242 2597 1365 2619 omues
1389 2587 1503 2626 leges,
1526 2582 1717 2615 indemnati
1741 2581 1828 2613 civis

168 2629 276 2668 atque
297 2625 423 2666 integri
448 2628 570 2667 capitis
594 2627 835 2671 bonorumque
858 2631 1043 2664 tribunicia
1066 2634 1287 2674 proscriptio.
1312 2642 1412 2674 prov.
1438 2637 1532 2660 cons.
1558 2628 1614 2667 19,
1637 2627 1700 2659 45:
1730 2627 1829 2658 illam

166 2670 462 2721 proscriptionem
485 2672 608 2713 capitis
632 2675 763 2706 mei...
794 2675 964 2709 Eamdem
995 2688 1139 2718 prorsus
1172 2688 1276 2719 quam
1299 2677 1338 2708 P.
1361 2674 1531 2707 Lentulus
1556 2673 1771 2705 sententiam
1792 2673 1830 2704 iu

170 2719 297 2751 mu
320 2714 408 2747 dixit
431 2715 535 2746 etiam
557 2717 598 2750 L.
625 2718 733 2751 Cotta
756 2719 800 2751 de
824 2728 894 2760 quo
920 2721 999 2754 vide
1023 2722 1116 2756 Sest.
1139 2724 1194 2763 34,
1221 2723 1274 2756 73.
1320 2719 1440 2761 Legib·
1463 2719 1497 2758 3,
1524 2719 1579 2758 19,
1602 2718 1660 2751 45·

167 2778 170 2792 ;
254 2772 257 2780 ¹
284 2760 496 2793 nominatim
517 2762 596 2794 sine
614 2764 768 2806 iudicio]
802 2767 865 2796 cfr.
889 2765 981 2800 Sest.
1004 2769 1059 2806 30,
1086 2769 1146 2800 65:
1177 2778 1239 2799 cur
1268 2776 1373 2807 quum
1405 2765 1448 2796 de
1474 2765 1590 2805 capite
1615 2765 1742 2796 civis..
1757 2785 1766 2794 .
1792 2766 1829 2794 et

171 2805 340 2854 dvo-bouis
362 2806 572 2846 proscriptio
595 2807 765 2849 ferretur,
789 2819 894 2850 quum
919 2814 956 2842 et
977 2814 1124 2845 sacratis
1146 2811 1283 2853 legibus
1308 2815 1343 2842 et
1366 2809 1552 2842 duodecim
1575 2809 1703 2841 tubulis
1726 2815 1828 2840 sanc-

171 2855 246 2884 tum
269 2854 363 2884 esset
386 2853 425 2882 ut
447 2859 535 2882 neve
559 2851 777 2894 privilegium
799 2856 948 2897 irrogari
971 2857 1093 2889 liceret
1117 2868 1205 2890 neve
1229 2857 1272 2890 de
1298 2853 1411 2899 capite
1435 2857 1501 2889 nisi
1516 2856 1673 2890 'comitiis
1707 2858 1828 2887 centu-

170 2896 268 2931 risus
290 2897 427 2940 rogari,
451 2897 549 2930 nulla
572 2907 643 2930 vox
667 2904 721 2931 est
743 2900 864 2934 audita
888 2904 1071 2936 consulum
1095 2906 1391 2946 constitutumque
1416 2908 1470 2936 est
1490 2903 1554 2937 illo
1577 2910 1730 2939 anno-0·
1751 2901 1828 2934 5¹²¹ss
