2030 3086
95 194 106 204 ⁶
138 214 149 222 ·
187 240 195 248 ,
364 195 775 252 mmmmm
804 193 1152 254 mmmm
1173 199 1526 259 namna
1543 199 1871 245 messmam

197 280 205 294 ,
414 266 416 269 ’
447 259 457 264 “
668 264 738 303 tan
766 256 1012 301 ’ΜΞ-ι·-
1040 256 1476 306 itoeodna'eatiautaex
1500 256 1795 300 sedunum
1823 256 1869 300 lo

213 310 519 414 ww
354 311 395 362 1*
546 327 619 360 one
652 328 713 357 as.
783 313 830 357 N
884 328 938 356 ue
974 314 1114 358 solum
1142 328 1240 357 cum
1266 329 1353 357 uno
1381 313 1459 357 illo
1486 312 1687 356 Pfflatino
1709 316 1743 356 -c
1787 365 1793 368 ,

54 375 61 385 ’
198 361 335 412 ebus
418 426 421 427 ⁷
455 366 626 430 Eflmg'
645 421 665 426 ,.
700 369 710 380 “
744 369 764 421 ·‚³
807 366 858 413 ie·
925 373 1172 428 ceterorum
1196 371 1325 415 etiam
1353 370 1612 426 optimatum
1638 369 1870 420 librorum:

214 423 514 487 Erfiirtensl'fi
543 383 793 478 Q,
835 425 1118 483 Dresdens'isi
1169 426 1421 492 plerumque
1440 464 1443 466 .
1460 431 1604 473 tuetur
1644 425 1869 469 laetiense.

199 477 401 528 *Acfflt
414 480 546 537 “quod
564 479 790 539 'nonnullis>
813 481 953 533 locis,
983 483 1056 538 qui
1083 483 1156 525 vel
1178 497 1225 524 m
1253 482 1425 539 optimis
1453 480 1539 523 illis
1559 487 1678 536 quos
1705 495 1869 523 memo-

205 536 307 588 ravi
324 537 455 591 *libris
484 550 613 578 manu
641 537 812 593 scriptis
838 537 967 580 valde
991 538 1156 582 turbati
1183 543 1298 590 sunt,
1327 537 1502 594 egregia
1518 550 1585 579 ‘ex
1612 536 1698 579 hoc
1716 535 1871 579 codice

199 585 387 635 -fflrffir
414 589 665 637 ³‘medicinax
714 592 832 649 quod
874 594 1209 638 emendationesss
1232 593 1404 649 aliquot
1442 608 1468 636 a
1495 592 1659 636 Wolfio
1687 592 1870 647 aliisque

213 648 372 703 criticis
415 648 535 704 miro·
565 649 725 705 ingenii
766 650 961 691 acumine
1005 650 1297 706 excogitatae,
1347 649 1402 692 ab
1448 647 1685 691 editoribus
1727 646 1870 691 adhuc

210 697 462 759 neglectae,
491 703 1053 760 Erlangensis-auctoritate
1081 720 1257 762 prorsus
1286 704 1633 762 comprobantur.
1691 703 1792 758 Quo
1805 702 1871 745 ·fit

211 764 260 802 ut
277 759 482 814 ‘omnibus
514 775 609 802 eum
639 760 879 815 codicibus,
925 761 1180 817 quicumque
1222 763 1349 803 antea
1384 759 1742 816 praestantissimi
1769 762 1871 802 sunt

199 812 550 872 ·habiti-‚·Joptimo
573 816 664 858 iure
685 822 1008 871 anteponamus.
1055 817 1218 872 Neque
1232 823 1376 863 tamen
1391 821 1510 858 caret
1526 814 1868 871 interpolationi-

210 870 293 922 bus
323 875 367 913 et
394 870 504 913 locis
525 870 694 914 librarii
724 872 853 928 culpa
878 872 1006 916 foede
1036 872 1296 929 depravatis.
1327 894 1335 898 ·
1368 869 1504 916 Cuius
1531 871 1595 914 rei
1622 877 1778 914 testem
1807 870 1868 913 ci-

211 932 304 969 tare
324 925 428 968 mihi
446 926 594 982 licebit
611 928 879 983 Madvigium
907 930 980 985 qui
1009 926 1064 970 de
1077 929 1305 971 virtutibus
1335 935 1379 970 et
1405 928 1521 970 vitiis
1550 927 1676 969 huius
1705 926 1869 969 codicis

211 981 1138 1082 ‘ii'ctimssafflffssirfflfflssussffliissssess¹323,ssss
1154 990 1198 1081 ἶῖ
1225 984 1514 1082 ᾱέἷὲῗέῐὲῗῇ
1546 982 1867 1081 ἓωεὲῗὲιοέιῖ

213 1094 388 1147 antiquo
419 1099 464 1135 et
489 1093 738 1149 incorrupto
754 1070 1016 1151 ’exemplam
1045 1109 1211 1155 summa
1220 1055 1539 1151 gsuperstitione
1565 1070 1703 1149 magis
1737 1100 1866 1148 quam

210 1148 296 1191 fide
341 1162 545 1205 expresso
589 1149 680 1192 sine
722 1149 812 1192 ullo
852 1150 1016 1194 librarii
1054 1156 1213 1195 conatu
1240 1150 1512 1207 intelligendi
1539 1149 1657 1204 quod
1672 1164 1773 1197 ‘non
1798 1149 1864 1190 in-

210 1204 441 1260 telligeret:
494 1205 698 1246 Peritiam
720 1207 879 1248 veteris
902 1207 1157 1262 exemplaris
1178 1213 1296 1250 recte
1317 1206 1492 1263 legendi
1513 1204 1864 1263 diligentiamque

210 1261 327 1304 lente
357 1266 402 1303 et
430 1266 553 1304 caute
580 1259 797 1304 scribendi
825 1277 982 1320 magno
1013 1278 1144 1320 opere
1174 1262 1482 1316 desideramus.
1539 1262 1654 1305 Nam
1679 1261 1865 1318 primum

210 1317 344 1360 verba
372 1332 503 1373 saepe
534 1318 697 1369 omisit,
743 1318 898 1360 deinde
941 1319 1045 1361 mire
1080 1319 1323 1361 notissimas
1360 1333 1491 1361 voces
1520 1324 1564 1361 et
1591 1332 1748 1360 vocum
1775 1322 1863 1358 ter-

208 1372 464 1415 mationes
507 1373 794 1428 perturbavit:
852 1374 1108 1431 compendia
1148 1374 1359 1430 quaedam
1398 1373 1628 1418 verborum
1665 1373 1864 1428 frequen-

207 1428 468 1472 tissimorum
495 1444 634 1484 paene
659 1444 830 1484 semper
857 1431 1174 1473 commutavit.“
1232 1430 1356 1472 Haec
1379 1445 1482 1472 vero
1500 1429 1713 1484 Madvigii
1727 1428 1866 1484 'verba

210 1498 321 1540 quae
355 1485 556 1539 leguntur
591 1484 635 1525 in
663 1484 869 1527 librorum
899 1485 954 1528 de
982 1485 1160 1528 Finibus
1189 1486 1244 1528 ab
1276 1501 1327 1528 eo
1359 1485 1569 1529 editorum
1594 1483 1865 1541 praefatione
1943 1530 1957 1540 ‘

209 1552 281 1572 -ιι
346 1554 387 1596 g.
405 1541 458 1582 16
482 1563 538 1574 -—
566 1543 759 1582 nostrum
786 1540 831 1582 in
860 1554 996 1584 usum.
1010 1541 1101 1584 iure
1127 1541 1343 1597 potuimus
1373 1547 1637 1593 convertere,
1667 1539 1864 1595 quando-

208 1551 383 1652 Ψιίὲἓιη
422 1595 531 1637 haec
566 1596 833 1638 oratiuncula
875 1603 919 1639 et
958 1597 1057 1639 libri
1092 1598 1166 1639 isti
1199 1597 1391 1639 eiusdem
1417 1596 1582 1639 librarii
1608 1610 1736 1638 manu
1764 1600 1866 1637 sunt

205 1651 368 1708 scripti.
424 1650 626 1708 Longum
653 1657 794 1694 autem
825 1658 891 1696 est
909 1653 1053 1696 omnia
1076 1653 1228 1709 quibus
1252 1653 1324 1696 hic
1343 1652 1484 1696 codex
1505 1652 1699 1695 abundat
1707 1650 1866 1694 menda

209 1720 474 1751 enumerare:
496 1720 653 1774 .‘P{²,¹¹0⁸'
677 1708 901 1764 quaedam,
932 1724 1042 1777 quae
1061 1710 1234 1752 maioris
1252 1709 1456 1751 momenti
1478 1708 1864 1760 essevfflebantur,

131 1769 134 1771 ’
206 1764 253 1806 in
281 1768 596 1806 commentam
627 1778 958 1808 commemoravi
986 1780 1038 1811 eo
1069 1765 1250 1808 consilio
1274 1771 1324 1808 ut
1352 1770 1458 1820 quot
1485 1764 1740 1820 quantisque
1766 1777 1865 1806 cum

209 1819 531 1862 difficultatibus
561 1819 605 1860 in
631 1820 986 1875 recognoscenda
1016 1821 1101 1863 hac
1130 1821 1396 1864 oratiuncula
1425 1820 1695 1862 conflictatus
1724 1833 1865 1862 essem

207 1880 455 1935 appareret,
494 1886 581 1932 quo
611 1874 778 1918 facilius
806 1876 844 1918 si
882 1877 994 1920 forte
1022 1875 1105 1919 hac
1132 1876 1177 1919 in
1202 1891 1250 1920 re
1278 1891 1367 1919 non
1392 1875 1498 1918 nihil
1525 1881 1753 1932 peccasset
1778 1874 1863 1918 tiro
1894 1885 1896 1887 “

208 1931 449 1975 doctiorum
486 1931 675 1975 iudicum
693 1932 883 1985 veniam
919 1932 1180 1989 impetraret.
1254 1932 1341 1988 Qui
1384 1932 1468 1987 quo
1513 1931 1780 1975 commodius
1816 1930 1864 1974 in

206 1993 299 2031 arte
327 1987 477 2040 critica
505 2001 632 2043 quem
653 1987 711 2029 ad
732 1988 909 2030 modum
926 1995 1119 2031 versatus
1136 2003 1277 2031 essem
1298 1994 1479 2044 possent
1497 1987 1659 2041 videre,
1690 1987 1862 2030 adiecto

202 2049 439 2101 apparatu,
457 2054 597 2099 ‘quem
625 2050 784 2087 vocant
797 2076 809 2095 ‚
836 2044 985 2087 critico
1016 2047 1187 2093 omn'em
1215 2044 1339 2088 attuli
1366 2044 1566 2088 lectionis
1594 2044 1863 2095 varietatem,

204 2113 333 2158 quam
361 2114 421 2141 ex·
443 2099 683 2142 Erfurtensi
712 2099 885 2154 quidem
918 2101 1035 2156 apud
1066 2100 1362 2153 Wunderumr,
1408 2115 1462 2142 ex
1501 2101 1598 2143 aliis
1638 2099 1870 2142 codicibus

205 2155 332 2213 apudv
350 2154 632 2197 Garatonium
663 2159 716 2200 et
732 2154 942 2197 Beckium
972 2161 1016 2198 et
1044 2155 1147 2198 alibi
1174 2155 1318 2199 inveni
1347 2161 1579 2199 cnotatam.
1634 2155 1862 2199 Editiones

199 2224 309 2256 vero
338 2210 599 2261 recentiores
627 2210 723 2267 pari
752 2211 914 2254 contuli
949 2210 1174 2268 diligentia
1212 2211 1400 2267 itemque
1427 2212 1569 2255 varias
1597 2226 1743 2254 earum
1769 2211 1860 2253 lec-

203 2269 355 2311 tiones.
374 2267 601 2320 annotavi,
654 2267 823 2310 omissis
859 2273 1034 2309 tantum
1051 2267 1182 2310 modo
1212 2266 1497 2310 deterioribus
1528 2281 1639 2322 quae
1665 2267 1711 2309 in
1737 2272 1861 2309 vetu-

203 2323 407 2367 stioribus
432 2322 553 2366 libris
589 2322 692 2365 olim
719 2323 920 2382 vulgatae
950 2338 977 2366 a
1009 2329 1184 2367 nostrae
1211 2323 1364 2367 aetatis
1394 2323 1555 2368 criticis
1580 2323 1734 2368 merito
1762 2328 1862 2367 sunt

205 2376 386 2425 deletae.
444 2378 568 2422 Libri
595 2385 738 2422 autem
766 2391 873 2436 quos
901 2380 947 2423 in
972 2381 1165 2424 manibus
1194 2379 1327 2424 habui
1350 2386 1451 2424 sunt
1478 2381 1542 2424 hi:

142 2511 146 2515 ἱ
312 2458 348 2502 Ι.
391 2454 453 2503 Μ.
482 2455 533 2501 Τ.
565 2454 788 2502 Ciceronis
814 2459 1028 2514 orationes
1057 2474 1111 2502 ex
1136 2473 1301 2502 recens.
1335 2458 1378 2502 J.
1402 2458 1457 2502 G.
1480 2457 1656 2502 Graevii
1676 2489 1686 2499 .
1705 2488 1715 2498 .
1733 2489 1743 2499 .
1767 2454 1860 2499 edi·-

201 2513 264 2559 tio
292 2513 526 2558 novissima
553 2519 655 2570 post
670 2513 960 2558 Graevianam
983 2515 1244 2572 locupletior
1264 2515 1399 2571 (edid.
1416 2514 1698 2570 Garatonius)
1717 2518 1861 2555 tomus

202 2570 301 2615 VH.
330 2570 519 2626 Neapoli
551 2570 673 2612 1786.

312 2636 370 2680 Π.
414 2637 475 2679 Μ.
498 2636 549 2679 Τ.
570 2634 792 2681 Ciceronis
824 2651 935 2692 quae
962 2637 1095 2692 vulgo
1123 2638 1316 2679 feruntur
1345 2636 1560 2679 orationes
1588 2634 1668 2679 IV.
1691 2665 1702 2676 .
1721 2665 1732 2676 .
1750 2665 1761 2677 .
1791 2648 1860 2678 re-

204 2692 410 2751 cognovit
429 2724 441 2734 .
459 2723 470 2734 .
487 2723 499 2734 .
527 2692 599 2736 Fr.
627 2692 740 2750 Aug.
771 2691 970 2738 Wolfius.
1027 2693 1220 2736 Berolini
1249 2693 1371 2736 1801.

313 2769 497 2830 mam.
519 2768 569 2812 Τ.
585 2755 820 2814 Ciceronis
849 2784 984 2831 opera
1008 2769 1146 2817 edidit
1168 2767 1328 2817 Christ.
1348 2768 1464 2812 Dan.
1482 2767 1672 2815 Beckius
1698 2767 1856 2815 volum.

201 2825 310 2887 IV„
324 2826 502 2889 Lipsiae
531 2826 657 2873 1807.
