2030 3086
157 199 159 202 ’
382 162 939 255 uffinmsssssffl
956 156 1146 247 '‘hnffiffiffl·
1171 208 1239 242 ι
1361 211 1417 242 ωε
1436 171 1657 243 ιιῖὮω
1678 171 1815 257 Qut.
1794 162 1813 209 4¹

151 235 537 300 Quemne
556 237 625 303 ἠοξ
639 234 1180 300 mmm’nrimsem
1202 255 1378 299 seriptum.
1396 253 1474 296 -nt
1487 252 1572 297 ⁹110
1584 246 1730 289 ...eim
1752 244 1813 286 ‹10-

152 298 265 334 uiuit:
327 299 537 343 h‘fssssrt-
556 303 737 346 'invenitur
759 295 911 342 ‘delexit’
940 297 1006 340 sed
1043 300 1092 334 ali
1119 309 1244 343 mann
1267 299 1426 335 ‘delituit’
1448 299 1726 343 superna-inum
1748 301 1814 341 est-

265 355 354 386 num
473 349 605 387 -uejm
626 344 795 390 Qum
808 344 902 389 m]
923 345 1028 386 lectio
1112 349 1206 389 gata.
1251 344 1405 388 Negatio
1426 343 1523 379 ‘non’
1544 345 1582 379 in
1603 339 1707 381 codd.
1738 342 1813 377 Eri.

150 395 193 427 ,et
214 391 342 428 oxon
395 396 559 437 amissa,
588 395 629 428 in
647 392 725 438 aliis
748 391 851 426 codd.
872 401 1061 434 perperam
1083 392 1262 425 collocata
1285 395 1341 424 est
1362 391 1455 426 hune
1476 393 1513 429 in
1533 390 1693 425 modum:
1728 391 1814 425 ‘non

151 437 362 480 numquam'
406 438 450 479 In
471 439 549 481 'aliis
572 439 679 477 etlam
702 436 805 474 codd.
828 436 1005 469 invenitur
1026 436 1229 480 ‘numquam
1250 445 1323 469 non
1344 445 1461 468 meam
1496 439 1500 442 “
1595 435 1652 469 ml
1825 476 1830 481 ι

261 482 308 519 ab
329 478 563 526 emusnvj.
589 480 700 527 ‘Apud
730 480 853 516 Garat.
876 477 987 517 wolf.
1017 480 1128 516 Beck.
1151 480 1287 516 Weisk.
1312 481 1413 516 Cras.
1506 517 1509 520 ,
1534 516 1541 523 Α,
1571 479 1723 522 legimus
1745 479 1813 514 ‘his

148 526 383 569 censualibus&
408 529 447 562 iu
471 527 647 564 codun.
670 527 775 571 ‘hys,'
810 527 875 560 sed
896 526 1070 568 Madvigii
1092 531 1129 560 et
1157 525 1323 569 Seyfferti
1347 526 1502 569 (epistol.
1526 525 1634 558 critic.
1657 526 1705 558 ad
1726 525 1812 558 Hal-

150 573 270 612 mium)
296 576 436 606 secutus
459 577 536 606 s'um
559 558 821 613 auctoritate3i‚
845 573 905 614 qni
927 570 1067 613 quidem
1089 571 1163 605 fere
1186 581 1374 614 nmquam
1398 581 1471 604 non
1493 570 1553 602 ubi
1576 571 1612 602 in
1636 569 1738 603 codd.
1760 570 1812 604 in·

152 618 292 653 venitur
315 617 382 651 *his
405 618 463 651 vel
485 618 562 661 hys'
585 620 726 652 literam·
746 618 934 661 saphatam
958 616 1096 658 detrahi
1117 616 1248 650 iubent.
1409 642 1420 653 .
1470 625 1474 628 ·
1551 640 1555 643 ψ

216 666 220 669 '
266 664 329 707 qud
350 671 428 698 rem
448 661 916 706 publicamus-adaeravit]
941 661 1019 695 cod.
1042 662 1118 696 Erl.
1143 667 1178 696 et
1201 663 1245 695 V.
1261 663 1306 695 V.
1329 663 1368 696 L.
1385 662 1425 695 L.
1449 666 1540 696 teste
1561 659 1709 694 Beekio.
1733 660 1812 703 cod.

151 708 243 744 Pith.
267 709 339 750 ‘qui
360 718 434 742 rem
453 708 629 751 publicam
650 707 939 744 vendicaverant!
984 707 1068 740 Piso
1093 712 1128 740 et
1151 708 1320 740 Gabinius
1343 717 1434 740 coss.
1456 707 1715 750 provinciarum
1735 706 1811 738 foe-

153 754 237 787 dere
260 753 420 789 obstricti
444 754 650 788 Ciceronem
674 764 696 787 a
720 752 847 787 Clodio
871 753 907 785 in
930 752 1092 785 exsilium
1114 753 1202 786 mitti
1237 757 1319 785 sunt
1348 753 1454 794 passi.
1509 753 1621 793 Atqui
1654 760 1720 784 sua
1753 750 1812 784 Ci-

153 799 272 832 oeroni
294 797 389 839 salus
412 809 491 832 cum
513 809 552 832 re
575 800 715 842 publica
745 798 938 831 arctissimo
957 798 1110 831 ⁴vinculo
1134 808 1323 840 numquam
1346 807 1420 830 non
1439 798 1516 829 visa
1538 798 1813 830 estconiuncta.

151 845 250 884 Ergo
267 844 327 884 qui
344 842 523 876 Ciceronis
539 846 687 877 salntem
702 842 1020 886 pessumdederunt
1037 844 1125 885 (sive
1141 860 1186 866 —
1203 843 1298 885 quod
1313 843 1382 875 hoe
1398 843 1480 874 loco
1496 841 1590 874 idem
1606 846 1660 873 est
1673 857 1719 864 —
1731 849 1812 882 peo-

147 887 306 932 ,sumdari
323 888 493 928 siverunt)
508 889 550 922 iis
565 890 762 931 promiscue
777 887 939 921 venditae
956 892 991 919 et
1007 898 1092 920 suae
1109 892 1145 920 et
1159 889 1209 920 rei
1225 888 1387 931 publicae
1403 887 1527 920 salutis
1544 887 1683 929 culpam
1699 887 1815 927 potuit

152 932 355 970 attribuere.
413 932 520 973 Quod
551 935 579 966 si
612 944 676 976 per
698 943 737 966 se
759 935 923 974 spectata
944 936 1094 974 utraque
1117 935 1291 974 scriptura
1313 942 1426 974 aeque
1451 932 1604 973 genuina
1625 931 1741 973 possit
1761 931 1812 964 vi-

155 978 242 1017 deri,
266 981 384 1010 tamen
406 978 632 1020 praetulerim
656 988 733 1011 eam
758 979 1025 1019 quam'tuentur
1048 978 1151 1010 codd.
1174 978 1248 1010 Erl.
1275 982 1310 1010 et
1330 977 1425 1010 Pith.
1471 977 1551 1010 Hoc
1575 977 1667 1009 enim
1682 977 1813 1009 crimen

151 1022 315 1056 venditae
338 1024 389 1055 rei
412 1023 574 1065 publicae
596 1041 641 1047 —-
666 1024 769 1055 etiam
804 1023 832 1055 si
864 1023 1028 1055 consules
1054 1023 1236 1056 Ciceronis
1268 1024 1418 1055 salntem
1438 1022 1580 1056 tribuno
1603 1021 1716 1063 plebis
1739 1030 1813 1054 nou

119 1070 134 1083 ’
152 1068 372 1100 addixissent
391 1085 438 1092 —
461 1073 580 1100 tamen
603 1069 781 1101 verissime
806 1066 955 1100 cadebat
977 1068 1013 1099 in
1037 1077 1099 1101 eos
1133 1067 1257 1110 quibus
1281 1068 1472 1107 aerarium,
1507 1067 1726 1109 provinciae,
1762 1067 1811 1099 le-

153 1113 454 1155 giones‚,imperia
476 1113 698 1147 donabantur
721 1114 812 1156 (cap.
829 1113 850 1145 ⁷
874 1112 1034 1153 extrem.)
1073 1114 1172 1146 Haec
1206 1123 1291 1147 vero
1327 1113 1521 1151 criminatio
1555 1112 1725 1145 minorem
1754 1111 1811 1146 Ci-

154 1160 272 1192 ceroni
294 1159 491 1192 conflatura
514 1165 589 1192 erat
610 1160 775 1192 invidiam
799 1159 961 1200 quamsi
980 1168 1098 1198 suam,
1132 1169 1205 1192 non
1234 1161 1283 1192 rei
1312 1158 1473 1201 publicae
1503 1158 1671 1199 salutem,
1707 1167 1812 1198 quam

152 1205 272 1245 utique
294 1207 435 1245 poterat
453 1206 657 1245 verissime,
696 1202 896 1237 consulibus
921 1204 1052 1236 crimini
1077 1205 1232 1237 dedisset
1253 1205 1457 1247 proiectam.
1503 1203 1608 1237 Adde
1631 1202 1727 1245 quod
1748 1211 1810 1235 vo·

153 1248 314 1289 cabulum
342 1250 428 1283 ‘rem
457 1250 641 1292 publicam’
674 1251 709 1283 in'
740 1248 842 1282 codd.
875 1250 1081 1291 compendio
1105 1249 1145 1282 ἰ.
1167 1250 1212 1292 p.’
1235 1250 1403 1292 scriptum
1429 1249 1594 1282 facillime
1623 1248 1740 1291 potuit
1758 1248 1811 1280 in-

151 1294 331 1327 tercidere.

266 1340 298 1381 §.
313 1339 348 1371 4.
394 1341 439 1374 ut
459 1341 525 1373 ille
547 1339 682 1381 annm]
709 1338 787 1371 cod.
810 1338 885 1371 Erl.

267 1386 313 1418 ut
331 1386 409 1426 ipse
430 1386 497 1419 me
518 1384 654 1426 annus]
678 1385 756 1417 cod.
779 1383 854 1416 Erf.
1071 1406 1074 1407 γ

265 1430 312 1461 ut
332 1430 398 1462 ille
418 1432 497 1470 ipse
521 1429 654 1470 annus]
677 1430 782 1461 lectio
805 1428 967 1468 vulgata:
1001 1429 1053 1459 ‘ut
1074 1428 1137 1460 illo
1159 1429 1237 1470 ipso
1262 1428 1366 1461 anno’
1390 1429 1556 1470 scriptum
1578 1428 1754 1461 invenitur
1773 1429 1810 1460 in

155 1472 257 1506 codd.
280 1473 420 1507 Francii
444 1475 541 1517 prim.
564 1473 693 1507 Dresd.
716 1473 819 1507 Barb.
845 1471 986 1506 Oxonn.
1011 1476 1172 1515 quatuor.

265 1520 471 1552 malueram
494 1527 570 1553 esse
595 1516 763 1560 fata-lem]
804 1519 952 1552 Miratus
986 1520 1055 1550 iam
1087 1519 1310 1552 Hotomanus
1346 1523 1400 1552 est
1431 1519 1617 1551 verborum
1648 1519 1810 1551 coniunc-

152 1565 295 1603 tionem,
318 1565 620 1605 reprehenderunt
640 1564 792 1596 Markld.
818 1567 853 1595 et
875 1563 984 1596 Wolf.
1008 1564 1118 1596 Facili
1141 1567 1259 1596 autem
1289 1565 1434 1605 negotio
1459 1563 1652 1603 Gesnerus,
1676 1563 1811 1596 Weisk.

150 1609 268 1641 Klotz.
294 1607 413 1642 Savel.
458 1619 532 1644 eam
571 1609 812 1641 defenderunt.
872 1609 963 1641 Fato
998 1610 1089 1641 enim
1112 1619 1170 1641 res
1197 1619 1364 1642 romanae
1387 1619 1429 1641 eo
1455 1613 1555 1642 erant
1577 1609 1750 1642 deductae
1773 1612 1813 1641 ut

150 1654 213 1687 illo
237 1663 329 1687 anno
354 1658 415 1686 aut
433 1655 556 1688 Cicero
581 1659 642 1687 aut
663 1656 778 1697 patria
800 1655 1002 1695 gravissime
1027 1659 1121 1687 esset
1143 1655 1341 1696 affligenda.
1390 1654 1496 1695 Quod
1519 1665 1626 1696 quum
1649 1654 1711 1687 sibi
1732 1663 1811 1697 per-

151 1699 321 1733 suasisset
345 1699 483 1741 Cicero,
507 1701 656 1742 patriam
681 1709 784 1741 quam
807 1703 918 1732 semet
941 1699 1054 1741 ipsum
1078 1700 1200 1733 maluit
1223 1711 1301 1734 esse
1324 1701 1468 1733 salvam.

266 1745 351 1778 octo
375 1745 559 1786 tribunos]
585 1745 663 1777 cod.
686 1746 760 1777 Erl.
786 1748 823 1775 et
846 1744 1017 1776 editiones
1032 1745 1071 1777 P.
1085 1746 1240 1784 Victorii,
1265 1745 1446 1786 Stephani,
1471 1745 1630 1784 Manuffi,
1653 1745 1807 1786 Hel-vag.

149 1789 263 1830 Bruti,
286 1789 489 1830 Hotomani,
512 1789 669 1822 Lambini
695 1789 922 1832 probantibus
940 1788 1135 1822 Garatonio
1159 1794 1195 1822 et
1210 1790 1379 1823 Weiskio.
1425 1789 1558 1822 Wolfio
1579 1793 1697 1822 autem
1713 1790 1808 1831 glos-

105 1854 110 1857 —
149 1835 291 1868 seruatis
314 1835 382 1867 hoc
406 1836 558 1876 speciem
581 1834 712 1867 habere
735 1834 874 1868 videtur
899 1835 962 1867 etsi
985 1845 1057 1867 non
1079 1835 1236 1868 infelicis.
1285 1834 1358 1869 Sed
1381 1835 1608 1868 confirmatur
1630 1835 1718 1871 haec
1737 1835 1808 1868 lec-

149 1882 199 1913 tio
223 1879 267 1912 ab
290 1880 367 1922 ipso
394 1879 564 1913 Cicerone
590 1881 648 1922 qui
672 1880 716 1912 de
740 1883 822 1912 octo
846 1879 992 1912 tribunis
1016 1881 1229 1913 mentionem
1257 1879 1345 1912 facit
1373 1880 1583 1913 idemtidem.
1616 1880 1677 1913 cfr.
1700 1881 1809 1914 Attic.

151 1926 185 1966 3,
210 1926 267 1965 23,
293 1926 323 1958 1.
347 1926 380 1957 4.
404 1924 498 1958 Sest.
515 1926 571 1965 32,
595 1926 656 1959 69:
692 1925 737 1957 de
759 1934 839 1957 meo
863 1924 977 1958 reditu
1001 1922 1083 1958 octo
1106 1925 1235 1959 tribuni
1258 1927 1536 1967 promulgarunt.
1582 1927 1641 1958 Ex
1665 1936 1734 1967 quo
1757 1927 1809 1959 in-

149 1971 328 2002 tellectum
353 1975 407 2003 est
428 1981 500 2003 non
522 1970 605 2003 mihi
629 1970 765 2003 absenti
789 1970 940 2002 crevisse
976 1971 1106 2003 amicos
1124 1994 1132 2002 .
1147 1994 1155 2002 .
1169 1995 1197 2003 ,,
1214 1970 1306 2003 Nam
1331 1981 1375 2002 ex
1399 1981 1526 2003 novem
1551 1971 1696 2003 tribunis
1721 1981 1809 2012 quos

148 2014 354 2055 habueram,
389 2026 478 2048 unus
512 2025 568 2047 me
599 2015 743 2047 absente
776 2014 921 2046 deflun't
944 2016 1001 2057 qui
1025 2025 1220 2057 cognomen
1244 2015 1307 2049 sibi
1332 2025 1377 2047 ex
1399 2017 1582 2049 Aeliorum
1603 2015 1809 2058 imaginibus

149 2060 295 2101 arripuit
310 2083 319 2091 .
389 2060 539 2098 ibid.32‚
566 2061 623 2092 70:
648 2059 795 2091 tribunis
818 2059 866 2101 pl.
892 2063 974 2092 octo
997 2060 1238 2093 referentibus.

262 2105 328 2137 hos
351 2104 534 2146 tribunos]
559 2105 640 2136 lect.
664 2105 797 2145 vulgat.

260 2156 346 2182 nam
364 2148 552 2191 vcumules]
576 2150 613 2182 in
635 2149 710 2181 Erl.
733 2149 867 2182 inveni:
892 2149 985 2181 ‘nam
1010 2153 1046 2183 et
1069 2150 1254 2192 consules.'
1302 2150 1365 2183 sed
1390 2150 1505 2184 delevi
1529 2149 1806 2191 copulamrquae

148 2194 276 2228 nullius
300 2193 388 2226 alius
413 2193 542 2227 codicis
567 2196 776 2229 auctoritate
799 2195 968 2227 firmatur.

261 2238 432 2280 modesti]
459 2236 680 2283 »εἰρωνικῶς
728 2240 797 2272 hoc
824 2241 937 2272 eninm
960 2241 1049 2282 legis
1071 2241 1212 2280 nomine
1237 2241 1462 2282 cupiditatem
1484 2250 1583 2273 suam
1607 2239 1805 2281 tegebant.“

148 2285 292 2319 Hotom.
310 2282 483 2330 efnssest.
497 2285 552 2325 32,
571 2286 632 2319 69:
657 2286 726 2327 qui,
750 2295 856 2328 quum
878 2286 915 2319 in
938 2290 1061 2325 senatu
1084 2286 1210 2329 privati
1234 2290 1273 2318 ut
1296 2286 1340 2318 de
1363 2296 1421 2319 me
1437 2287 1630 2320 sententias
1653 2286 1809 2320 dicerent

146 2329 365 2373 flagitabant,
392 2330 504 2371 legem
529 2331 578 2362 illi
602 2342 641 2363 se
668 2331 828 2363 Clodiam
850 2332 972 2363 timere
997 2331 1169 2364 dicebant.
1217 2332 1260 2363 de
1283 2333 1376 2364 dom.
1396 2333 1453 2372 26,
1478 2335 1542 2365 70:
1576 2332 1735 2364 homines
1758 2333 1806 2363 le-

148 2385 230 2417 gum
252 2374 527 2417 iudiciorumque
550 2380 746 2408 metuentes
769 2385 874 2417 quum
889 2376 1188 2417 frequentissimus
1205 2381 1348 2409 senatus
1372 2387 1433 2410 eos
1450 2381 1489 2409 ut
1504 2378 1547 2409 de
1563 2387 1619 2409 me
1634 2377 1808 2409 referrent

149 2424 209 2454 cot
222 2420 277 2453 die
300 2419 485 2462 flagitaret,
509 2430 580 2454 non
605 2430 643 2454 se
665 2431 740 2454 rem
763 2420 960 2463 improbare
978 2421 1152 2462 dicebant,
1175 2422 1239 2454 sed
1261 2424 1340 2463 lege
1362 2423 1462 2456 istius
1484 2423 1650 2464 impediri.
1695 2422 1807 2454 Attio.

146 2467 182 2506 3,
199 2466 255 2505 15,
272 2465 309 2497 6:
334 2466 567 2508 perscripsisti
591 2467 637 2498 ad
659 2476 715 2498 me
739 2466 915 2507 quoddam
939 2470 1045 2508 caput
1068 2467 1163 2508 legis
1173 2467 1336 2500 Clodium
1352 2469 1387 2500 in
1411 2469 1527 2500 curiae
1549 2471 1651 2507 poste
1673 2465 1806 2506 fixisse,

149 2519 194 2542 ne
216 2509 338 2542 referri
368 2520 457 2542 neve
488 2510 555 2542 dici
585 2512 716 2544 liceret.
749 2511 811 2544 cfr.
838 2511 943 2544 etiam
964 2512 1086 2544 Pison.
1109 2513 1163 2552 12,
1182 2514 1236 2545 28.
1275 2513 1458 2545 Drumann
1473 2513 1518 2543 Π.
1542 2521 1623 2551 pag.
1640 2512 1706 2544 257
1731 2521 1806 2553 seq.

236 2553 302 2584 sed
313 2551 433 2596 quae}
448 2555 484 2586 in
505 2555 582 2586 cod.
601 2556 675 2588 Erl.
695 2560 730 2588 et
750 2556 846 2588 editt.
865 2556 979 2597 Naug.
1001 2557 1097 2589 Man.
1113 2557 1235 2588 Lamb.
1261 2557 1360 2590 Grut.
1379 2557 1468 2589 Oliv.
1483 2556 1572 2588 Lall.
1590 2554 1709 2588 Oxon.
1721 2556 1807 2598 legi·

147 2606 242 2631 mus:
277 2597 354 2630 ‘sed
379 2607 421 2631 ea
445 2599 557 2639 quae.'
614 2601 740 2633 Fretus
771 2602 981 2633 auctoritate
1013 2602 1174 2634 codicum
1204 2602 1335 2634 Erfurt.
1369 2602 1504 2634 Colian.
1527 2601 1657 2634 Dresd.
1681 2603 1806 2635 Franc.

139 2641 266 2725 {lai-2².
285 2641 401 2675 Oxon.
439 2648 590 2684 quatuor
625 2645 796 2679 Graevius
832 2646 962 2678 delevit
996 2647 1061 2686 ,ea‘
1096 2647 1325 2688 probantibus
1359 2643 1567 2691 Ernestiofl
1582 2647 1805 2686 Heumanno,

196 2696 217 2720 ο
235 2695 301 2719 zio.

206 2730 212 2735 “
259 2731 527 2774 promulqavit]
565 2743 631 2773 „ex
666 2735 846 2768 Ciceronis
879 2744 946 2768 usu
975 2735 1197 2768 scribendum
1229 2734 1336 2768 fuisse
1372 2736 1689 2778 ‘promulgavisset'
1715 2736 1805 2770 bene

145 2777 232 2810 vidit
262 2777 477 2811 Ernestius.“
518 2779 628 2812 Wolf.
657 2780 776 2821 Quare
806 2779 985 2820 Weiskius
1015 2780 1271 2823 ‘promulgavit’
1304 2785 1527 2816 contractum
1551 2786 1662 2824 {putat
1685 2791 1805 2815 errore

146 2821 275 2856 librarii
298 2831 321 2855 a
343 2822 667 2865 ‘promulgafissetss
716 2823 1066 2870 „Indicativusssrecte
1089 2826 1233 2868 ponitur
1256 2827 1338 2868 quia
1361 2829 1511 2870 scriptor
1533 2837 1606 2860 non
1621 2828 1806 2860 consulum
