2030 3086
152 305 197 314 ”
224 315 252 349 j
296 312 309 315 ’
308 299 875 359 wambani!
894 273 1017 343 ale
1018 309 1240 351 mamam,
1262 297 1291 343 si
1314 311 1372 343 vel
1393 311 1444 346 ia
1452 307 1663 349 sonuum
1683 312 1798 346 hona

65 356 239 399 ’ψ
261 345 393 437 Νη
410 352 959 405 imam&
987 357 1028 389 in
1040 355 1397 393 librisafflurone
1419 355 1806 435 meam

126 401 310 446 ips-iob
317 392 605 441 amu-daim
603 391 732 440 {ihm
750 403 818 431 sau
846 399 1023 433 siu-iure
1036 400 1433 434 vid-uturum&

129 457 219 487 mo
224 446 402 482 &huam
409 451 525 489 atque
539 455 573 478 s
568 445 827 477 declamatore
847 447 968 478 nescio
991 455 1062 488 qno
1086 446 1251 478 effictum.
1290 445 1396 485 Quod
1419 448 1547 480 si‘iao
1561 394 1775 479 udam
1691 452 1805 490 unt·-

128 495 302 529 umus
320 493 428 533 {urhe
437 491 619 534 quinaelst-
617 489 685 531 qui
705 490 853 531 ignorat
869 499 914 522 ex
932 491 1248 533 ,outzmannus
1275 495 1435 528 vota-u-
1458 491 1596 532 κείμὴ
1615 488 1716 524 anu
1718 496 1798 526 m

128 536 400 584 Μέῳιίᾱ-ἰ-
409 537 461 572 a&
477 538 636 569 nostium
658 543 770 576 usque
790 537 995 577 pervenerit
1015 541 1183 577 aetatem,
1200 536 1300 568 facili
1316 536 1468 578 negotio
1475 544 1498 571 s
1517 532 1805 578 qno-ism

127 579 433 626 Μοίραις
437 591 523 616 non
535 581 652 613 soh:-
673 581 880 622 vituperari,
907 581 970 614 sed
1000 581 1158 614 damnari
1181 586 1224 613 et
1241 582 1401 623 scriptori
1430 580 1647 631 abissiearl?
1691 579 1809 615 suu

128 629 223 672 quod
245 628 356 662 multo
379 626 575 660 mehercule
598 625 732 659 facilius
758 630 812 659 est
833 626 988 659 libellum
1013 628 1146 669 antiqui
1169 627 1347 669 scriptoris
1371 634 1499 660 nomen
1517 634 1609 670 pne
1625 627 1798 662 som

127 681 200 708 tem
223 675 443 728 suppositum
466 670 650 705 declarare
674 681 778 712 quam
795 672 952 704 eumdem
977 677 1101 705 contra
1125 673 1320 705 criticorum
1346 674 1564 715 suspiciones
1586 671 1724 706 idoneis
1741 682 1797 706 sr-

127 713 301 763 gumentis
323 718 524 752 defendere.
571 716 644 750 Sed
667 716 754 749 haec
778 716 962 749 hactenus:
989 718 1174 750 videndum
1197 719 1266 749 iam
1280 727 1349 759 quo
1374 718 1478 750 modo
1502 719 1588 751 istu
1605 718 1796 751 calunnia

128 769 165 798 et
187 765 402 807 suspiciones
426 764 599 817 possimus
623 761 790 794 refutare.
835 764 955 804 Atque
980 762 1050 795 duo
1073 763 1291 804 potissimum
1314 768 1396 794 sunt
1421 773 1510 805 quae
1540 763 1693 797 monitos
1716 772 1797 797 esse

128 811 232 843 selim
256 819 377 842 omnes
402 810 609 860 quicumque
625 807 858 859 indagandae
881 807 1003 839 harum
1028 809 1225 839 orationum
1249 808 1373 848 origini
1407 808 1491 839 dant
1522 817 1676 850 operam.
1719 809 1796 842 Pri-

127 864 219 887 mum
253 855 344 886 enim
378 853 505 885 Cicero
534 849 678 884 iniuriae
708 862 750 884 ae
782 853 925 884 sceleris
950 852 1112 884 Clodiani
1141 861 1329 892 numquam
1357 853 1540 884 immemor
1569 854 1606 884 in
1635 853 1797 886 omnibns

128 908 215 941 quas
229 899 342 931 redux
356 906 400 929 ex
414 898 537 930 exsilio
557 896 680 928 habuit
699 897 913 929 orationibus
911 898 1002 942 plus
1014 897 1107 930 iusto
1120 897 1248 929 multus
1262 902 1315 929 est
1327 901 1361 928 et
1374 898 1539 939 copiosus
1551 897 1585 929 in
1600 897 1801 930 enarranda

126 945 219 977 illias
236 944 317 976 anni
341 952 409 985 quo
433 944 469 975 in
495 943 656 974 exsilium
678 936 801 983 pulsus
825 939 886 974 est
900 938 1056 974 historia.
1107 937 1199 981 Quid
1224 942 1317 982 quod
1333 943 1441 983 longa
1456 952 1562 983 saepe
1579 941 1797 988 digressione

126 989 237 1021 utenti
261 988 334 1021 dies
358 988 475 1029 potius
501 996 605 1028 quam
629 988 776 1018 materia
799 986 977 1018 defectura
1007 986 1144 1018 videtur
1174 988 1219 1019 ad
1249 987 1504 1019 enumerandos
1535 996 1655 1020 omnes
1681 987 1798 1021 clodii

126 1034 265 1068 furores
291 1037 326 1065 et
347 1033 496 1074 flagitia,
523 1033 568 1064 ad
593 1031 849 1073 depingendam
871 1032 1042 1073 insignem
1067 1033 1247 1064 consulum
1271 1033 1420 1073 (Pisonis
1445 1037 1480 1064 et
1497 1031 1648 1072 Gabinii)
1673 1033 1796 1075 nequi

127 1080 229 1119 tiam,
265 1078 310 1110 ad
342 1076 650 1110 commemoranda
678 1077 829 1118 denique
862 1078 977 1109 omnia
1009 1086 1098 1118 quae
1128 1078 1190 1109 illo
1215 1087 1307 1109 anno
1339 1078 1382 1109 de
1407 1087 1444 1109 se
1469 1081 1530 1109 aut
1554 1077 1711 1110 eiciendo
1736 1081 1798 1110 aut

126 1123 343 1158 restituendo
367 1126 449 1155 sunt
471 1127 560 1156 acta.
609 1122 736 1154 Mirum
761 1121 885 1155 deinde
910 1123 967 1164 qui
990 1123 1074 1155 istas
1100 1124 1278 1154 orationes
1303 1122 1490 1164 diligenter
1514 1127 1549 1154 et
1571 1122 1712 1155 assidue
1726 1123 1797 1155 lec·

126 1170 280 1202 titaverit
303 1172 338 1201 et
359 1178 475 1200 rerum
499 1172 535 1199 et
557 1167 743 1199 verborum
766 1169 802 1199 in
834 1168 902 1199 illis
933 1169 1085 1199 inveniet
1115 1167 1381 1200 similitudinem.
1428 1168 1521 1199 Num
1550 1177 1636 1199 vero
1664 1167 1796 1200 idcirco

128 1215 164 1247 in
189 1223 310 1245 eorum
333 1214 450 1245 statim
475 1212 632 1245 discedet
656 1213 864 1244 sententiam
892 1214 949 1253 qui
983 1213 1025 1243 de
1056 1213 1255 1253 eloquentia
1278 1213 1440 1244 Tulliana
1470 1217 1506 1243 et
1537 1213 1691 1244 oratorio
1721 1213 1797 1245 eius

128 1259 267 1301 ingenio
297 1258 397 1290 nimis
429 1259 579 1290 fortasse
610 1256 699 1289 bene
723 1257 961 1290 existimantes
994 1257 1106 1289 solam
1130 1258 1205 1289 fere
1233 1257 1324 1289 hanc
1349 1257 1393 1290 ob
1419 1267 1558 1290 causam
1584 1267 1628 1289 ex
1654 1257 1796 1290 Cicero-

127 1305 310 1336 nianarum
335 1304 531 1335 orationum
555 1312 699 1333 numero
724 1312 795 1333 non
819 1303 934 1334 nullas
958 1312 1029 1334 non
1052 1302 1211 1334 dubitant
1234 1304 1371 1334 eicere?
1407 1305 1466 1334 An
1491 1312 1552 1335 eos
1582 1303 1700 1343 potius
1734 1312 1796 1335 ve-

129 1358 205 1381 rum
228 1348 357 1380 vidisse
378 1346 591 1380 existimabit
614 1348 642 1379 si
667 1348 724 1398 qui
739 1347 832 1379 forte
855 1348 899 1379 ad
922 1347 1107 1379 variandas
1132 1348 1286 1379 eiusdem
1310 1357 1421 1388 prope
1445 1347 1640 1388 argumenti
1657 1351 1797 1380 senten-

127 1394 194 1425 tias
224 1397 260 1423 et
294 1393 491 1424 locutiones
521 1382 652 1432 inffliii
681 1393 773 1423 vires
807 1397 985 1423 oratorem
1016 1391 1229 1423 arbitrantur
1260 1392 1459 1423 deiecisse?
1507 1392 1623 1423 Aliter
1651 1400 1797 1433 prorsus

128 1437 210 1470 mihi
242 1436 380 1479 quidem
414 1437 457 1469 de
483 1436 549 1469 hac
573 1446 610 1468 re
635 1435 859 1468 statuendum
883 1436 1031 1469 videtur.
1077 1436 1207 1469 Dedita
1231 1437 1321 1468 enim
1346 1446 1456 1489 opera
1480 1435 1687 1469 Ciceronem
1709 1442 1797 1478 puto

127 1483 180 1515 his
203 1483 239 1514 in
262 1482 478 1514 orationibus
502 1482 661 1513 omnibus
681 1478 796 1522 pauca
814 1487 950 1513 tantum
967 1483 1133 1513 variasse.
1170 1482 1285 1520 Quum
1302 1483 1393 1512 enim
1410 1492 1512 1513 unam
1528 1482 1602 1512 fere
1620 1483 1795 1513 eamdem-

129 1536 197 1568 que
220 1526 500 1559 adversariorum
522 1526 724 1565 nationem,
760 1526 817 1566 qui
848 1526 952 1558 iidem
982 1530 1042 1557 aut
1071 1525 1198 1567 perditi
1230 1527 1434 1567 plerumque
1468 1527 1562 1558 cives
1592 1531 1654 1558 aut
1683 1527 1796 1568 aperti

128 1575 229 1604 erant
251 1573 385 1613 patriae
409 1572 548 1611 hostes,
580 1571 633 1603 his
663 1571 698 1603 in
730 1571 945 1603 orationibus
976 1570 1134 1603 omnibus
1164 1575 1324 1613 carperet
1348 1575 1383 1602 et
1406 1572 1675 1612 perstringeret,
1711 1581 1795 1613 pro-

127 1617 239 1658 prium
263 1616 440 1657 quoddam
464 1616 726 1647 maledictorum
751 1620 786 1647 et
810 1617 1046 1647 conviciorum
1070 1625 1181 1656 genus
1204 1615 1267 1647 sibi
1290 1616 1392 1647 finxit
1417 1620 1537 1647 orator
1553 1625 1622 1656 quo
1638 1617 1797 1649 inimicos

128 1670 210 1693 suos
235 1659 416 1700 obrueret,
446 1661 637 1699 laceraret,
667 1660 852 1701 iugularet.
900 1660 1005 1699 Quod
1037 1670 1105 1700 quo
1136 1661 1353 1701 potissimum
1383 1660 1505 1692 fecerit
1528 1661 1675 1693 consilio
1699 1661 1798 1693 nolui

127 1705 196 1739 hoc
219 1705 300 1738 loco
323 1706 519 1739 accuratius
544 1705 744 1739 decernere.
789 1705 877 1739 Rem
901 1709 1016 1737 autem
1039 1706 1153 1747 ipsam
1177 1706 1299 1747 procul
1324 1705 1428 1738 dubio
1452 1715 1571 1739 veram
1594 1716 1671 1739 esse
1686 1716 1795 1749 appa-

127 1755 183 1784 ret
205 1760 250 1783 ex
274 1756 378 1783 oratt.
405 1752 629 1791 Catilinariis,
654 1751 823 1790 Verrinis,
849 1751 1062 1791 Philippicis,
1098 1760 1142 1781 ex
1172 1752 1213 1782 iis
1244 1752 1392 1792 denique
1426 1752 1548 1792 quibus
1574 1751 1737 1783 Clodium
1760 1756 1797 1783 et

127 1796 376 1838 nequissimum
398 1796 484 1828 illud
509 1796 690 1828 consulum
713 1805 779 1837 par
799 1796 983 1828 lacessivit.
1020 1795 1187 1835 Quamvis
1212 1797 1303 1828 enim
1326 1806 1474 1838 magnus
1497 1798 1543 1829 sit
1558 1797 1796 1830 conviciorum

127 1851 292 1876 numerus
316 1852 406 1883 quae
427 1843 462 1874 in
487 1841 729 1885 acerbissimos
752 1842 838 1874 istos
862 1842 1017 1873 inimicos
1040 1850 1230 1882 congerere
1254 1842 1347 1874 solet
1370 1859 1412 1865 —
1439 1842 1500 1874 cfr.
1523 1843 1671 1875 indicem
1688 1842 1794 1875 male-

129 1888 301 1920 dictorum
325 1887 448 1928 quibus
471 1887 553 1919 Piso
579 1887 732 1927 carpitur
755 1896 777 1918 a
800 1887 1005 1918 Drumanno
1037 1887 1245 1919 confectum.
1277 1888 1348 1918 vol.
1373 1887 1417 1918 11.
1449 1888 1484 1919 in
1509 1889 1583 1919 vita
1604 1887 1796 1920 Pisoniana

128 1949 173 1956 -
197 1935 313 1964 tamen
338 1933 498 1973 quotiens
523 1941 600 1964 cum
625 1931 834 1963 adversariis
856 1933 1009 1971 rixatur,
1035 1932 1108 1963 sive
1131 1932 1166 1963 in
1191 1931 1379 1964 Catilinam
1404 1936 1439 1963 et
1463 1933 1537 1964 eius
1560 1933 1720 1974 gregales
1741 1933 1794 1965 in-

129 1976 284 2017 vehitur,
308 1978 382 2009 sive
404 1979 441 2010 in
460 1977 620 2018 Verrem,
646 1977 719 2009 sive
737 1977 778 2009 ‘in
796 1977 1011 2016 Clodianos,
1032 1978 1105 2008 sive
1129 1978 1164 2009 in
1180 1978 1374 2009 Antonium
1399 1977 1548 2019 denique
1569 1979 1795 2018 triumvirum,

130 2021 254 2054 eodem
277 2022 351 2055 fere
373 2031 561 2064 numquam
585 2032 658 2055 non
683 2026 718 2054 et
741 2031 902 2054 sermone
927 2025 962 2053 et
985 2022 1217 2054 calumniandi
1251 2032 1379 2063 genere
1404 2022 1612 2056 Ciceronem
1642 2023 1797 2066 reperies

128 2070 295 2100 utentem.
343 2068 504 2100 conferri
537 2069 640 2099 etiam
672 2070 822 2109 possunt
852 2067 895 2098 de
927 2066 993 2098 hac
1023 2077 1061 2098 re
1091 2077 1181 2108 quae
1205 2068 1449 2099 annotavimus
1472 2069 1507 2100 in
1532 2068 1800 2102 Commentariis

129 2120 210 2153 pag.
245 2111 300 2144 38.
332 2112 380 2153 1§.
403 2111 472 2153 14.)
501 2122 582 2154 pag.
606 2110 661 2146 52.
694 2111 738 2153 (ξ.
764 2111 832 2150 26.)
879 2112 978 2144 Fecit
1007 2112 1113 2153 igitur
1139 2112 1207 2144 hoc
1230 2112 1382 2144 fortasse
1406 2118 1597 2155 propterea
1620 2113 1715 2155 quod
1739 2123 1800 2145 au-

130 2155 295 2188 dientium
319 2157 368 2189 ita
390 2159 525 2191 animos
549 2158 700 2190 maxime
722 2157 784 2189 sibi
809 2156 1046 2196 delectaturus
1071 2166 1149 2189 esse
1173 2156 1365 2189 videbatur.
1404 2158 1573 2191 Fortasse
1597 2159 1702 2190 etiam
1723 2159 1799 2200 ipse

57 2223 63 2232 ,
128 2201 306 2243 proprium
337 2202 406 2235 hoc
438 2203 673 2235 conviciorum
705 2212 814 2243 genus
846 2203 895 2234 sic
925 2202 1100 2243 adamavit
1130 2206 1168 2234 ut
1198 2202 1282 2234 nihil
1312 2203 1386 2234 istis
1417 2203 1609 2235 maledictis
1644 2204 1798 2244 gravius,

131 2246 216 2278 nihil
239 2246 497 2289 vehementius,
523 2248 608 2280 nihil
630 2248 828 2280 iniuriosius
853 2247 918 2278 dici
942 2256 1047 2289 posse
1072 2247 1310 2280 arbitraretur.
1350 2247 1529 2280 Posterius
1554 2248 1692 2290 quidem
1715 2247 1801 2281 mihi

129 2291 234 2324 etiam
256 2293 328 2325 veri
341 2292 480 2326 videtur
490 2294 652 2327 similius:
677 2297 782 2335 atque
794 2292 888 2325 haud
910 2293 982 2325 scio
1006 2302 1056 2325 an·
1067 2303 1271 2326 assensores
1295 2293 1475 2326 habiturus
1492 2294 1556 2326 sim
1580 2304 1702 2327 omnes
1727 2295 1801 2336 qui-

130 2346 278 2378 cumque
300 2337 486 2371 humanam
514 2343 673 2371 naturam
698 2340 837 2381 penitus
869 2342 1009 2370 norunt.
1057 2340 1199 2371 Minime
1229 2342 1414 2380 praeterea
1444 2339 1723 2372 obliviscendum
1748 2344 1802 2371 est

131 2381 340 2415 Ciceronem
363 2393 484 2416 omnes
508 2385 593 2416 istas
618 2385 795 2415 orationes
819 2383 935 2414 animo
959 2382 1123 2416 habuisse
1146 2384 1342 2416 iratissimo.
1388 2384 1476 2416 Inde
1501 2385 1606 2417 etiam
1635 2384 1798 2425 intelligi-

129 2429 186 2459 tur
209 2437 271 2460 cur
293 2429 422 2461 totiens
445 2430 539 2461 illius
563 2430 643 2461 anni
675 2428 854 2460 historiam
888 2429 1119 2467 enarraverit,
1152 2438 1213 2460 cur
1244 2429 1560 2462 commemorandis
1591 2429 1799 2461 turbulentis

128 2471 409 2505 adversariorum
434 2473 655 2508 contionibus
680 2477 716 2505 et
740 2472 893 2505 consiliis
917 2472 1204 2515 exponendisque
1219 2483 1361 2506 suorum
1379 2474 1658 2507 contentionibus
1676 2472 1799 2515 quibus

131 2517 262 2549 exsulis
285 2518 436 2551 reditum
452 2519 624 2560 perficere
641 2518 877 2557 conabantur,
896 2516 1036 2551 ‘nullum
1053 2520 1195 2551 omnino
1211 2520 1384 2552 invenerit
1399 2520 1552 2552 modum.
1588 2519 1676 2551 Tam
1693 2523 1799 2551 atrox

130 2561 223 2595 enirn
254 2561 387 2595 homini
416 2565 491 2597 visa
522 2568 575 2597 est
604 2564 807 2597 iniuriarum
837 2567 1062 2605 acceptarum
1092 2565 1205 2598 moles
1236 2574 1326 2606 quae
1356 2565 1471 2603 verbis
1501 2558 1689 2606 numquam
1712 2565 1799 2597 satis

129 2610 253 2649 posset
276 2608 456 2649 explicari.
501 2609 652 2642 Accedit
676 2609 826 2650 denique
850 2609 944 2653 quod
967 2610 1004 2641 in
1027 2611 1105 2642 aliis
1129 2620 1269 2651 quoque
1287 2611 1466 2642 Ciceronis
1490 2609 1707 2641 orationibus
1730 2610 1801 2642 loci

128 2652 221 2685 inter
248 2661 287 2685 se
318 2652 479 2685 simillimi
508 2653 742 2687 inveniuntur.
789 2649 929 2695 Optime
960 2655 1098 2696 quidem
1121 2655 1279 2688 Halmius
1312 2654 1404 2695 (vide
1435 2664 1525 2697 quae
1548 2655 1732 2688 annotavit
1754 2654 1801 2689 ad

130 2700 219 2731 orat.
248 2697 519 2738 Milonian.36,
547 2698 636 2739 100.)
674 2700 810 2732 monuit
839 2699 1016 2741 epilogum
1047 2710 1150 2742 quem
1181 2704 1308 2734 vocant
1337 2700 1550 2734 Milonianae
1587 2701 1799 2734 simillimum

129 2752 209 2776 esse
226 2741 438 2778 Sestianae:
471 2743 508 2776 in
532 2747 682 2786 utraque
713 2746 805 2777 enim
835 2745 995 2777 emtione
1023 2754 1104 2784 reo,
1138 2746 1167 2777 si
1191 2744 1444 2779 condemnatus
1466 2746 1589 2786 fuerit,
1624 2746 1736 2778 exsilii
1759 2753 1798 2778 se

129 2788 336 2832 participem
358 2787 509 2821 futurum
532 2788 718 2831 pollicetur
743 2788 879 2822 Cicero.
926 2789 1063 2823 Neutra
1090 2793 1209 2823 tamen
1236 2789 1366 2823 idcirco
1391 2791 1505 2824 oratio
1538 2783 1700 2834 cuiquam
1722 2791 1800 2824 viss

131 2837 187 2866 est
334 2838 382 2867 ta.
426 2833 548 2868 Pauca
578 2832 682 2874 etlam
709 2837 844 2867 restant
872 2843 962 2875 quae
991 2835 1035 2867 de
1064 2839 1213 2878 uta-aque
1243 2840 1327 2877 post
1355 2835 1507 2869 reditum
1531 2839 1691 2870 oratione
1715 2835 1800 2868 mihi

130 2886 259 2920 nonen
285 2889 307 2918 a
322 2889 399 2940 esse
414 2879 588 2918 videntur.
616 2875 726 2914 Recte
739 2879 890 2912 arbitror
904 2881 1069 2915 statuisse
1080 2880 1323 2926 Drumannum
1341 2881 1547 2917 Ciceronem
1563 2890 1633 2918 uuo
1657 2880 1799 2919 eodem-
