<?xml version="1.0" encoding="UTF-8"?>
<!DOCTYPE html PUBLIC "-//W3C//DTD XHTML 1.0 Transitional//EN"
    "http://www.w3.org/TR/xhtml1/DTD/xhtml1-transitional.dtd">
<html xmlns="http://www.w3.org/1999/xhtml" xml:lang="en" lang="en">
 <head>
  <title>
</title>
<meta http-equiv="Content-Type" content="text/html;charset=utf-8" />
  <meta name='ocr-system' content='tesseract 3.04.00' />
  <meta name='ocr-capabilities' content='ocr_page ocr_carea ocr_par ocr_line ocrx_word'/>
</head>
<body>
  <div class='ocr_page' id='page_1' title='image "4737881_0030.png"; bbox 0 0 2030 3086; ppageno 0'>
   <div class='ocr_carea' id='block_1_1' title="bbox 448 180 1866 623">
    <p class='ocr_par' dir='ltr' id='par_1_1' title="bbox 448 180 1866 623">
     <span class='ocr_line' id='line_1_1' title="bbox 592 180 1866 228; baseline -0.005 -1"><span class='ocrx_word' id='word_1_1' title='bbox 592 180 630 193; x_wconf 36' lang='lat'><em>¹</em></span> <span class='ocrx_word' id='word_1_2' title='bbox 1586 190 1598 208; x_wconf 69' lang='lat'><strong>&#39;⁴</strong></span> <span class='ocrx_word' id='word_1_3' title='bbox 1631 191 1651 208; x_wconf 63' lang='lat'><strong><em>⁹</em></strong></span> <span class='ocrx_word' id='word_1_4' title='bbox 1736 184 1866 228; x_wconf 47' lang='grc' dir='ltr'><strong>ῑὲἳὶῗ-,Ν-ῑῃ</strong></span> 
     </span>
     <span class='ocr_line' id='line_1_2' title="bbox 448 231 1865 269; baseline 0.004 -6"><span class='ocrx_word' id='word_1_5' title='bbox 448 246 472 264; x_wconf 67' lang='lat' dir='ltr'>u</span> <span class='ocrx_word' id='word_1_6' title='bbox 565 231 631 262; x_wconf 47' lang='grc' dir='ltr'><strong>,ἕλ’</strong></span> <span class='ocrx_word' id='word_1_7' title='bbox 1769 235 1815 269; x_wconf 58' lang='grc' dir='ltr'><strong>’ῑἏ</strong></span> <span class='ocrx_word' id='word_1_8' title='bbox 1833 231 1865 269; x_wconf 65' lang='lat'><strong>7¹.</strong></span> 
     </span>
     <span class='ocr_line' id='line_1_3' title="bbox 716 532 1401 623; baseline -0.001 -21"><span class='ocrx_word' id='word_1_9' title='bbox 716 550 764 602; x_wconf 80' lang='lat' dir='ltr'><strong>o</strong></span> <span class='ocrx_word' id='word_1_10' title='bbox 783 532 907 603; x_wconf 65' lang='lat' dir='ltr'><strong>on</strong></span> <span class='ocrx_word' id='word_1_11' title='bbox 919 541 1401 623; x_wconf 9' lang='lat' dir='ltr'><strong>micauri-it..</strong></span> 
     </span>
    </p>
   </div>
   <div class='ocr_carea' id='block_1_2' title="bbox 922 673 1161 682">
    <p class='ocr_par' dir='ltr' id='par_1_2' title="bbox 922 673 1161 682">
     <span class='ocr_line' id='line_1_4' title="bbox 922 673 1161 682; baseline 0 2404"><span class='ocrx_word' id='word_1_12' title='bbox 922 673 1161 682; x_wconf 95' lang='lat' dir='ltr'><strong> </strong></span> 
     </span>
    </p>
   </div>
   <div class='ocr_carea' id='block_1_3' title="bbox 967 820 1128 861">
    <p class='ocr_par' dir='ltr' id='par_1_3' title="bbox 967 820 1128 861">
     <span class='ocr_line' id='line_1_5' title="bbox 967 820 1128 861; baseline 0 -8"><span class='ocrx_word' id='word_1_13' title='bbox 967 820 1073 861; x_wconf 63' lang='lat'><strong>(3⁸,-</strong></span> <span class='ocrx_word' id='word_1_14' title='bbox 1088 822 1128 853; x_wconf 86' lang='lat'><strong>1.</strong></span> 
     </span>
    </p>
   </div>
   <div class='ocr_carea' id='block_1_4' title="bbox 212 872 1878 1019">
    <p class='ocr_par' dir='ltr' id='par_1_4' title="bbox 212 872 1878 1019">
     <span class='ocr_line' id='line_1_6' title="bbox 324 872 1877 932; baseline -0.003 -9"><span class='ocrx_word' id='word_1_15' title='bbox 324 891 358 932; x_wconf 66' lang='grc' dir='ltr'><strong>ξ.</strong></span> <span class='ocrx_word' id='word_1_16' title='bbox 374 890 406 923; x_wconf 94' lang='grc'><strong>1.</strong></span> <span class='ocrx_word' id='word_1_17' title='bbox 456 872 741 929; x_wconf 81' lang='lat' dir='ltr'><strong>„Reprehendit</strong></span> <span class='ocrx_word' id='word_1_18' title='bbox 763 886 916 921; x_wconf 79' lang='lat' dir='ltr'><strong>Wolfius</strong></span> <span class='ocrx_word' id='word_1_19' title='bbox 940 886 1036 929; x_wconf 87' lang='lat' dir='ltr'><strong>quod</strong></span> <span class='ocrx_word' id='word_1_20' title='bbox 1058 887 1196 929; x_wconf 80' lang='lat' dir='ltr'><strong>inipso</strong></span> <span class='ocrx_word' id='word_1_21' title='bbox 1219 887 1391 928; x_wconf 83' lang='lat' dir='ltr'><strong>principio</strong></span> <span class='ocrx_word' id='word_1_22' title='bbox 1416 885 1462 919; x_wconf 89' lang='lat' dir='ltr'><strong>de</strong></span> <span class='ocrx_word' id='word_1_23' title='bbox 1482 886 1594 919; x_wconf 79' lang='lat' dir='ltr'><strong>fratre</strong></span> <span class='ocrx_word' id='word_1_24' title='bbox 1617 885 1804 930; x_wconf 88' lang='lat' dir='ltr'><strong>liberisque</strong></span> <span class='ocrx_word' id='word_1_25' title='bbox 1826 886 1877 919; x_wconf 88' lang='lat' dir='ltr'><strong>di-</strong></span> 
     </span>
     <span class='ocr_line' id='line_1_7' title="bbox 214 930 1878 976; baseline -0.002 -8"><span class='ocrx_word' id='word_1_26' title='bbox 214 937 338 976; x_wconf 82' lang='lat' dir='ltr'><strong>catur,</strong></span> <span class='ocrx_word' id='word_1_27' title='bbox 375 933 488 976; x_wconf 86' lang='lat' dir='ltr'><strong>qualis</strong></span> <span class='ocrx_word' id='word_1_28' title='bbox 510 933 624 975; x_wconf 85' lang='lat' dir='ltr'><strong>pietas</strong></span> <span class='ocrx_word' id='word_1_29' title='bbox 649 932 878 965; x_wconf 81' lang='lat' dir='ltr'><strong>declamatori</strong></span> <span class='ocrx_word' id='word_1_30' title='bbox 913 933 1031 975; x_wconf 86' lang='lat' dir='ltr'><strong>potius</strong></span> <span class='ocrx_word' id='word_1_31' title='bbox 1068 932 1268 965; x_wconf 87' lang='lat' dir='ltr'><strong>conveniat.</strong></span> <span class='ocrx_word' id='word_1_32' title='bbox 1327 931 1406 971; x_wconf 83' lang='lat' dir='ltr'><strong>Qua</strong></span> <span class='ocrx_word' id='word_1_33' title='bbox 1438 930 1482 963; x_wconf 87' lang='lat' dir='ltr'><strong>de</strong></span> <span class='ocrx_word' id='word_1_34' title='bbox 1511 941 1550 963; x_wconf 88' lang='lat' dir='ltr'><strong>re</strong></span> <span class='ocrx_word' id='word_1_35' title='bbox 1575 932 1604 964; x_wconf 79' lang='lat' dir='ltr'><strong>si</strong></span> <span class='ocrx_word' id='word_1_36' title='bbox 1628 941 1673 964; x_wconf 84' lang='lat' dir='ltr'><strong>ex</strong></span> <span class='ocrx_word' id='word_1_37' title='bbox 1698 933 1878 966; x_wconf 78' lang='lat' dir='ltr'><strong>Ciceronis</strong></span> 
     </span>
     <span class='ocr_line' id='line_1_8' title="bbox 212 976 1878 1019; baseline -0.003 -5"><span class='ocrx_word' id='word_1_38' title='bbox 212 990 321 1014; x_wconf 80' lang='lat' dir='ltr'><strong>sensu</strong></span> <span class='ocrx_word' id='word_1_39' title='bbox 345 984 382 1011; x_wconf 85' lang='lat' dir='ltr'><strong>et</strong></span> <span class='ocrx_word' id='word_1_40' title='bbox 406 979 521 1011; x_wconf 85' lang='lat' dir='ltr'><strong>animo</strong></span> <span class='ocrx_word' id='word_1_41' title='bbox 546 987 650 1018; x_wconf 88' lang='lat' dir='ltr'><strong>quem</strong></span> <span class='ocrx_word' id='word_1_42' title='bbox 672 979 708 1010; x_wconf 91' lang='lat' dir='ltr'><strong>in</strong></span> <span class='ocrx_word' id='word_1_43' title='bbox 732 978 892 1019; x_wconf 86' lang='lat' dir='ltr'><strong>epistolis</strong></span> <span class='ocrx_word' id='word_1_44' title='bbox 914 977 1044 1018; x_wconf 80' lang='lat' dir='ltr'><strong>prodit,</strong></span> <span class='ocrx_word' id='word_1_45' title='bbox 1068 977 1251 1016; x_wconf 84' lang='lat' dir='ltr'><strong>iudicetur,</strong></span> <span class='ocrx_word' id='word_1_46' title='bbox 1276 977 1378 1008; x_wconf 82' lang='lat' dir='ltr'><strong>aliter</strong></span> <span class='ocrx_word' id='word_1_47' title='bbox 1392 976 1618 1008; x_wconf 86' lang='lat' dir='ltr'><strong>statuendum</strong></span> <span class='ocrx_word' id='word_1_48' title='bbox 1634 978 1732 1011; x_wconf 58' lang='lat' dir='ltr'><strong>erit!</strong></span> <span class='ocrx_word' id='word_1_49' title='bbox 1779 977 1878 1009; x_wconf 80' lang='lat' dir='ltr'><strong>Haec</strong></span> 
     </span>
    </p>
   </div>
   <div class='ocr_carea' id='block_1_5' title="bbox 155 1014 1879 1064">
    <p class='ocr_par' dir='ltr' id='par_1_5' title="bbox 155 1014 1879 1064">
     <span class='ocr_line' id='line_1_9' title="bbox 155 1014 1879 1064; baseline -0.002 -7"><span class='ocrx_word' id='word_1_50' title='bbox 155 1035 163 1039; x_wconf 60' lang='lat'><strong><em>‘</em></strong></span> <span class='ocrx_word' id='word_1_51' title='bbox 210 1025 408 1057; x_wconf 84' lang='lat' dir='ltr'><strong>rectissime</strong></span> <span class='ocrx_word' id='word_1_52' title='bbox 438 1021 604 1055; x_wconf 84' lang='lat' dir='ltr'><strong>Beekius.</strong></span> <span class='ocrx_word' id='word_1_53' title='bbox 661 1021 825 1064; x_wconf 79' lang='lat' dir='ltr'><strong>Namque</strong></span> <span class='ocrx_word' id='word_1_54' title='bbox 856 1022 892 1054; x_wconf 89' lang='lat' dir='ltr'><strong>in</strong></span> <span class='ocrx_word' id='word_1_55' title='bbox 924 1022 1081 1063; x_wconf 88' lang='lat' dir='ltr'><strong>epistolis</strong></span> <span class='ocrx_word' id='word_1_56' title='bbox 1112 1031 1199 1063; x_wconf 87' lang='lat' dir='ltr'><strong>quas</strong></span> <span class='ocrx_word' id='word_1_57' title='bbox 1232 1022 1333 1054; x_wconf 87' lang='lat' dir='ltr'><strong>exsul</strong></span> <span class='ocrx_word' id='word_1_58' title='bbox 1362 1021 1408 1053; x_wconf 87' lang='lat' dir='ltr'><strong>ad</strong></span> <span class='ocrx_word' id='word_1_59' title='bbox 1437 1014 1597 1053; x_wconf 73' lang='lat' dir='ltr'><strong>Atticum</strong></span> <span class='ocrx_word' id='word_1_60' title='bbox 1627 1022 1736 1062; x_wconf 85' lang='lat' dir='ltr'><strong>misit,</strong></span> <span class='ocrx_word' id='word_1_61' title='bbox 1780 1030 1879 1054; x_wconf 82' lang='lat' dir='ltr'><strong>suam</strong></span> 
     </span>
    </p>
   </div>
   <div class='ocr_carea' id='block_1_6' title="bbox 180 1066 1887 2873">
    <p class='ocr_par' dir='ltr' id='par_1_6' title="bbox 180 1066 1882 1877">
     <span class='ocr_line' id='line_1_10' title="bbox 211 1066 1881 1109; baseline -0.003 -6"><span class='ocrx_word' id='word_1_62' title='bbox 211 1069 355 1104; x_wconf 80' lang='lat' dir='ltr'><strong>Marcus</strong></span> <span class='ocrx_word' id='word_1_63' title='bbox 379 1077 453 1100; x_wconf 91' lang='lat' dir='ltr'><strong>non</strong></span> <span class='ocrx_word' id='word_1_64' title='bbox 475 1067 587 1109; x_wconf 82' lang='lat' dir='ltr'><strong>magis</strong></span> <span class='ocrx_word' id='word_1_65' title='bbox 612 1077 716 1109; x_wconf 89' lang='lat' dir='ltr'><strong>quam</strong></span> <span class='ocrx_word' id='word_1_66' title='bbox 734 1066 854 1107; x_wconf 87' lang='lat' dir='ltr'><strong>Quinti</strong></span> <span class='ocrx_word' id='word_1_67' title='bbox 878 1067 1000 1099; x_wconf 78' lang='lat' dir='ltr'><strong>fratris</strong></span> <span class='ocrx_word' id='word_1_68' title='bbox 1032 1070 1162 1099; x_wconf 79' lang='lat' dir='ltr'><strong>sortem</strong></span> <span class='ocrx_word' id='word_1_69' title='bbox 1187 1070 1402 1108; x_wconf 75' lang='lat' dir='ltr'><strong>conquestus</strong></span> <span class='ocrx_word' id='word_1_70' title='bbox 1424 1070 1479 1098; x_wconf 85' lang='lat' dir='ltr'><strong>est</strong></span> <span class='ocrx_word' id='word_1_71' title='bbox 1501 1069 1607 1108; x_wconf 88' lang='lat' dir='ltr'><strong>atque</strong></span> <span class='ocrx_word' id='word_1_72' title='bbox 1631 1068 1769 1108; x_wconf 86' lang='lat' dir='ltr'><strong>quoties</strong></span> <span class='ocrx_word' id='word_1_73' title='bbox 1794 1071 1881 1108; x_wconf 89' lang='lat' dir='ltr'><strong>quot</strong></span> 
     </span>
     <span class='ocr_line' id='line_1_11' title="bbox 213 1111 1879 1157; baseline -0.002 -10"><span class='ocrx_word' id='word_1_74' title='bbox 213 1118 251 1153; x_wconf 79' lang='lat' dir='ltr'><strong>et</strong></span> <span class='ocrx_word' id='word_1_75' title='bbox 274 1118 407 1157; x_wconf 84' lang='lat' dir='ltr'><strong>quanta</strong></span> <span class='ocrx_word' id='word_1_76' title='bbox 430 1113 585 1146; x_wconf 83' lang='lat' dir='ltr'><strong>amiserit</strong></span> <span class='ocrx_word' id='word_1_77' title='bbox 609 1113 843 1152; x_wconf 78' lang='lat' dir='ltr'><strong>enumeravit,</strong></span> <span class='ocrx_word' id='word_1_78' title='bbox 878 1113 984 1144; x_wconf 87' lang='lat' dir='ltr'><strong>toties</strong></span> <span class='ocrx_word' id='word_1_79' title='bbox 1018 1112 1092 1143; x_wconf 82' lang='lat' dir='ltr'><strong>fere</strong></span> <span class='ocrx_word' id='word_1_80' title='bbox 1121 1112 1311 1144; x_wconf 85' lang='lat' dir='ltr'><strong>liberorum</strong></span> <span class='ocrx_word' id='word_1_81' title='bbox 1334 1113 1438 1143; x_wconf 89' lang='lat' dir='ltr'><strong>etiam</strong></span> <span class='ocrx_word' id='word_1_82' title='bbox 1461 1111 1648 1153; x_wconf 77' lang='lat' dir='ltr'><strong>fratrisque</strong></span> <span class='ocrx_word' id='word_1_83' title='bbox 1678 1113 1762 1145; x_wconf 76' lang='lat' dir='ltr'><strong>fecit</strong></span> <span class='ocrx_word' id='word_1_84' title='bbox 1783 1121 1879 1144; x_wconf 86' lang='lat' dir='ltr'><strong>men-</strong></span> 
     </span>
     <span class='ocr_line' id='line_1_12' title="bbox 213 1151 1880 1200; baseline -0.001 -8"><span class='ocrx_word' id='word_1_85' title='bbox 213 1161 357 1199; x_wconf 71' lang='lat' dir='ltr'><strong>tionem.</strong></span> <span class='ocrx_word' id='word_1_86' title='bbox 384 1158 448 1191; x_wconf 81' lang='lat' dir='ltr'><strong>cfr.</strong></span> <span class='ocrx_word' id='word_1_87' title='bbox 472 1158 509 1189; x_wconf 88' lang='lat' dir='ltr'><strong>in</strong></span> <span class='ocrx_word' id='word_1_88' title='bbox 531 1158 650 1199; x_wconf 85' lang='lat' dir='ltr'><strong>primis</strong></span> <span class='ocrx_word' id='word_1_89' title='bbox 673 1158 783 1190; x_wconf 69' lang='lat' dir='ltr'><strong>Attio.</strong></span> <span class='ocrx_word' id='word_1_90' title='bbox 796 1157 830 1197; x_wconf 87' lang='lat'><strong>3,</strong></span> <span class='ocrx_word' id='word_1_91' title='bbox 849 1158 903 1197; x_wconf 83' lang='lat'><strong>15,</strong></span> <span class='ocrx_word' id='word_1_92' title='bbox 919 1157 959 1188; x_wconf 82' lang='lat'><strong>4:</strong></span> <span class='ocrx_word' id='word_1_93' title='bbox 991 1166 1069 1199; x_wconf 82' lang='lat' dir='ltr'><strong>ego,</strong></span> <span class='ocrx_word' id='word_1_94' title='bbox 1093 1157 1121 1189; x_wconf 89' lang='lat' dir='ltr'><strong>si</strong></span> <span class='ocrx_word' id='word_1_95' title='bbox 1145 1167 1201 1189; x_wconf 90' lang='lat' dir='ltr'><strong>me</strong></span> <span class='ocrx_word' id='word_1_96' title='bbox 1225 1151 1414 1198; x_wconf 87' lang='lat' dir='ltr'><strong>aliquando</strong></span> <span class='ocrx_word' id='word_1_97' title='bbox 1438 1158 1544 1189; x_wconf 81' lang='lat' dir='ltr'><strong>vestri</strong></span> <span class='ocrx_word' id='word_1_98' title='bbox 1568 1162 1604 1189; x_wconf 83' lang='lat' dir='ltr'><strong>et</strong></span> <span class='ocrx_word' id='word_1_99' title='bbox 1626 1159 1761 1200; x_wconf 76' lang='lat' dir='ltr'><strong>patriae</strong></span> <span class='ocrx_word' id='word_1_100' title='bbox 1786 1167 1880 1190; x_wconf 87' lang='lat' dir='ltr'><strong>com-</strong></span> 
     </span>
     <span class='ocr_line' id='line_1_13' title="bbox 211 1200 1880 1249; baseline -0.002 -11"><span class='ocrx_word' id='word_1_101' title='bbox 211 1208 334 1249; x_wconf 86' lang='lat' dir='ltr'><strong>potem</strong></span> <span class='ocrx_word' id='word_1_102' title='bbox 357 1204 502 1236; x_wconf 76' lang='lat' dir='ltr'><strong>fortuna</strong></span> <span class='ocrx_word' id='word_1_103' title='bbox 523 1203 658 1242; x_wconf 81' lang='lat' dir='ltr'><strong>fecerit,</strong></span> <span class='ocrx_word' id='word_1_104' title='bbox 676 1229 685 1236; x_wconf 88' lang='lat'><strong>.</strong></span> <span class='ocrx_word' id='word_1_105' title='bbox 699 1227 730 1236; x_wconf 90' lang='lat'><strong>..</strong></span> <span class='ocrx_word' id='word_1_106' title='bbox 755 1212 835 1234; x_wconf 88' lang='lat' dir='ltr'><strong>mea</strong></span> <span class='ocrx_word' id='word_1_107' title='bbox 859 1200 986 1234; x_wconf 58' lang='lat' dir='ltr'><strong>officia</strong></span> <span class='ocrx_word' id='word_1_108' title='bbox 1001 1201 1036 1235; x_wconf 72' lang='lat' dir='ltr'><strong>et</strong></span> <span class='ocrx_word' id='word_1_109' title='bbox 1059 1202 1176 1235; x_wconf 64' lang='lat' dir='ltr'><strong>amaia</strong></span> <span class='ocrx_word' id='word_1_110' title='bbox 1192 1228 1201 1235; x_wconf 96' lang='lat'><strong>.</strong></span> <span class='ocrx_word' id='word_1_111' title='bbox 1217 1227 1248 1236; x_wconf 89' lang='lat'><strong>..</strong></span> <span class='ocrx_word' id='word_1_112' title='bbox 1273 1204 1323 1235; x_wconf 82' lang='lat' dir='ltr'><strong>sic</strong></span> <span class='ocrx_word' id='word_1_113' title='bbox 1348 1212 1522 1244; x_wconf 74' lang='lat' dir='ltr'><strong>exsequar</strong></span> <span class='ocrx_word' id='word_1_114' title='bbox 1544 1207 1583 1234; x_wconf 92' lang='lat' dir='ltr'><strong>ut</strong></span> <span class='ocrx_word' id='word_1_115' title='bbox 1605 1213 1660 1235; x_wconf 91' lang='lat' dir='ltr'><strong>me</strong></span> <span class='ocrx_word' id='word_1_116' title='bbox 1683 1212 1796 1244; x_wconf 83' lang='lat' dir='ltr'><strong>aeque</strong></span> <span class='ocrx_word' id='word_1_117' title='bbox 1819 1203 1880 1236; x_wconf 89' lang='lat' dir='ltr'><strong>tibi</strong></span> 
     </span>
     <span class='ocr_line' id='line_1_14' title="bbox 213 1247 1881 1295; baseline -0.002 -11"><span class='ocrx_word' id='word_1_118' title='bbox 213 1261 256 1284; x_wconf 79' lang='lat' dir='ltr'><strong>ac</strong></span> <span class='ocrx_word' id='word_1_119' title='bbox 279 1250 381 1282; x_wconf 70' lang='lat' dir='ltr'><strong>fiatri</strong></span> <span class='ocrx_word' id='word_1_120' title='bbox 404 1252 439 1280; x_wconf 90' lang='lat' dir='ltr'><strong>et</strong></span> <span class='ocrx_word' id='word_1_121' title='bbox 461 1248 580 1280; x_wconf 86' lang='lat' dir='ltr'><strong>liberis</strong></span> <span class='ocrx_word' id='word_1_122' title='bbox 605 1249 736 1281; x_wconf 89' lang='lat' dir='ltr'><strong>nostris</strong></span> <span class='ocrx_word' id='word_1_123' title='bbox 760 1249 959 1280; x_wconf 87' lang='lat' dir='ltr'><strong>restitutum</strong></span> <span class='ocrx_word' id='word_1_124' title='bbox 982 1252 1097 1289; x_wconf 88' lang='lat' dir='ltr'><strong>putes.</strong></span> <span class='ocrx_word' id='word_1_125' title='bbox 1145 1247 1227 1291; x_wconf 18' lang='lat' dir='ltr'><strong>ibi-d.</strong></span> <span class='ocrx_word' id='word_1_126' title='bbox 1251 1248 1286 1295; x_wconf 60' lang='grc' dir='ltr'><strong>3ι</strong></span> <span class='ocrx_word' id='word_1_127' title='bbox 1311 1250 1365 1287; x_wconf 88' lang='grc'><strong>10,</strong></span> <span class='ocrx_word' id='word_1_128' title='bbox 1389 1250 1426 1280; x_wconf 81' lang='lat'><strong>2:</strong></span> <span class='ocrx_word' id='word_1_129' title='bbox 1466 1257 1610 1289; x_wconf 89' lang='lat' dir='ltr'><strong>possum</strong></span> <span class='ocrx_word' id='word_1_130' title='bbox 1642 1247 1798 1280; x_wconf 76' lang='lat' dir='ltr'><strong>oblivisci</strong></span> <span class='ocrx_word' id='word_1_131' title='bbox 1823 1249 1881 1290; x_wconf 87' lang='lat' dir='ltr'><strong>qui</strong></span> 
     </span>
     <span class='ocr_line' id='line_1_15' title="bbox 212 1292 1881 1335; baseline -0.001 -8"><span class='ocrx_word' id='word_1_132' title='bbox 212 1294 363 1334; x_wconf 77' lang='lat' dir='ltr'><strong>fuerim?</strong></span> <span class='ocrx_word' id='word_1_133' title='bbox 411 1302 483 1325; x_wconf 90' lang='lat' dir='ltr'><strong>non</strong></span> <span class='ocrx_word' id='word_1_134' title='bbox 508 1293 639 1325; x_wconf 89' lang='lat' dir='ltr'><strong>sentire</strong></span> <span class='ocrx_word' id='word_1_135' title='bbox 665 1293 722 1335; x_wconf 85' lang='lat' dir='ltr'><strong>qui</strong></span> <span class='ocrx_word' id='word_1_136' title='bbox 746 1293 834 1325; x_wconf 76' lang='lat' dir='ltr'><strong>sim?</strong></span> <span class='ocrx_word' id='word_1_137' title='bbox 883 1302 953 1334; x_wconf 93' lang='lat' dir='ltr'><strong>quo</strong></span> <span class='ocrx_word' id='word_1_138' title='bbox 979 1302 1119 1325; x_wconf 85' lang='lat' dir='ltr'><strong>caream</strong></span> <span class='ocrx_word' id='word_1_139' title='bbox 1149 1292 1307 1330; x_wconf 81' lang='lat' dir='ltr'><strong>honore?</strong></span> <span class='ocrx_word' id='word_1_140' title='bbox 1326 1318 1357 1327; x_wconf 87' lang='lat'><strong>..</strong></span> <span class='ocrx_word' id='word_1_141' title='bbox 1371 1318 1379 1326; x_wconf 91' lang='lat'><strong>.</strong></span> <span class='ocrx_word' id='word_1_142' title='bbox 1420 1292 1545 1335; x_wconf 87' lang='lat' dir='ltr'><strong>quibus</strong></span> <span class='ocrx_word' id='word_1_143' title='bbox 1575 1292 1715 1326; x_wconf 74' lang='lat' dir='ltr'><strong>liberis?</strong></span> <span class='ocrx_word' id='word_1_144' title='bbox 1756 1292 1881 1335; x_wconf 80' lang='lat' dir='ltr'><strong>quibua</strong></span> 
     </span>
     <span class='ocr_line' id='line_1_16' title="bbox 215 1337 1880 1380; baseline -0.001 -7"><span class='ocrx_word' id='word_1_145' title='bbox 215 1339 388 1374; x_wconf 75' lang='lat' dir='ltr'><strong>fortunis?</strong></span> <span class='ocrx_word' id='word_1_146' title='bbox 426 1347 495 1380; x_wconf 90' lang='lat' dir='ltr'><strong>quo</strong></span> <span class='ocrx_word' id='word_1_147' title='bbox 519 1338 656 1370; x_wconf 73' lang='lat' dir='ltr'><strong>fratre?</strong></span> <span class='ocrx_word' id='word_1_148' title='bbox 693 1338 736 1370; x_wconf 93' lang='lat' dir='ltr'><strong>de</strong></span> <span class='ocrx_word' id='word_1_149' title='bbox 761 1337 866 1370; x_wconf 91' lang='lat' dir='ltr'><strong>domo</strong></span> <span class='ocrx_word' id='word_1_150' title='bbox 885 1338 941 1378; x_wconf 88' lang='grc'><strong>36,</strong></span> <span class='ocrx_word' id='word_1_151' title='bbox 959 1339 1018 1371; x_wconf 82' lang='lat'><strong>96:</strong></span> <span class='ocrx_word' id='word_1_152' title='bbox 1044 1338 1167 1370; x_wconf 84' lang='lat' dir='ltr'><strong>deflevi</strong></span> <span class='ocrx_word' id='word_1_153' title='bbox 1194 1339 1350 1379; x_wconf 86' lang='lat' dir='ltr'><strong>coniugis</strong></span> <span class='ocrx_word' id='word_1_154' title='bbox 1368 1364 1376 1372; x_wconf 87' lang='lat'><strong>.</strong></span> <span class='ocrx_word' id='word_1_155' title='bbox 1392 1363 1400 1371; x_wconf 95' lang='lat'><strong>.</strong></span> <span class='ocrx_word' id='word_1_156' title='bbox 1426 1338 1620 1377; x_wconf 82' lang='lat' dir='ltr'><strong>discidium,</strong></span> <span class='ocrx_word' id='word_1_157' title='bbox 1643 1338 1880 1372; x_wconf 83' lang='lat' dir='ltr'><strong>liberorum..</strong></span> 
     </span>
     <span class='ocr_line' id='line_1_17' title="bbox 211 1381 1882 1423; baseline -0.002 -5"><span class='ocrx_word' id='word_1_158' title='bbox 211 1385 452 1423; x_wconf 78' lang='lat' dir='ltr'><strong>solitudinem,</strong></span> <span class='ocrx_word' id='word_1_159' title='bbox 476 1383 594 1415; x_wconf 79' lang='lat' dir='ltr'><strong>fratris</strong></span> <span class='ocrx_word' id='word_1_160' title='bbox 611 1408 619 1415; x_wconf 93' lang='lat'><strong>.</strong></span> <span class='ocrx_word' id='word_1_161' title='bbox 635 1407 644 1416; x_wconf 87' lang='lat'><strong>.</strong></span> <span class='ocrx_word' id='word_1_162' title='bbox 667 1392 798 1415; x_wconf 80' lang='lat' dir='ltr'><strong>casum.</strong></span> <span class='ocrx_word' id='word_1_163' title='bbox 846 1382 939 1415; x_wconf 89' lang='lat' dir='ltr'><strong>Sest.</strong></span> <span class='ocrx_word' id='word_1_164' title='bbox 957 1384 1012 1422; x_wconf 78' lang='lat'><strong>22,</strong></span> <span class='ocrx_word' id='word_1_165' title='bbox 1029 1383 1094 1414; x_wconf 82' lang='lat'><strong>49:</strong></span> <span class='ocrx_word' id='word_1_166' title='bbox 1125 1392 1239 1423; x_wconf 86' lang='lat' dir='ltr'><strong>neque</strong></span> <span class='ocrx_word' id='word_1_167' title='bbox 1264 1383 1354 1414; x_wconf 86' lang='lat' dir='ltr'><strong>enim</strong></span> <span class='ocrx_word' id='word_1_168' title='bbox 1377 1385 1413 1415; x_wconf 88' lang='lat' dir='ltr'><strong>in</strong></span> <span class='ocrx_word' id='word_1_169' title='bbox 1436 1383 1504 1414; x_wconf 89' lang='lat' dir='ltr'><strong>hoc</strong></span> <span class='ocrx_word' id='word_1_170' title='bbox 1524 1392 1580 1414; x_wconf 87' lang='lat' dir='ltr'><strong>me</strong></span> <span class='ocrx_word' id='word_1_171' title='bbox 1603 1382 1779 1416; x_wconf 86' lang='lat' dir='ltr'><strong>homiuem</strong></span> <span class='ocrx_word' id='word_1_172' title='bbox 1803 1381 1882 1416; x_wconf 77' lang='lat' dir='ltr'><strong>esse</strong></span> 
     </span>
     <span class='ocr_line' id='line_1_18' title="bbox 210 1426 1881 1469; baseline -0.001 -7"><span class='ocrx_word' id='word_1_173' title='bbox 210 1428 389 1463; x_wconf 82' lang='lat' dir='ltr'><strong>infitiabor</strong></span> <span class='ocrx_word' id='word_1_174' title='bbox 411 1437 589 1469; x_wconf 87' lang='lat' dir='ltr'><strong>umquam,</strong></span> <span class='ocrx_word' id='word_1_175' title='bbox 615 1432 654 1458; x_wconf 89' lang='lat' dir='ltr'><strong>ut</strong></span> <span class='ocrx_word' id='word_1_176' title='bbox 676 1437 732 1459; x_wconf 88' lang='lat' dir='ltr'><strong>me</strong></span> <span class='ocrx_word' id='word_1_177' title='bbox 757 1428 888 1469; x_wconf 89' lang='lat' dir='ltr'><strong>optimo</strong></span> <span class='ocrx_word' id='word_1_178' title='bbox 912 1427 1032 1467; x_wconf 82' lang='lat' dir='ltr'><strong>fratre,</strong></span> <span class='ocrx_word' id='word_1_179' title='bbox 1058 1427 1244 1460; x_wconf 79' lang='lat' dir='ltr'><strong>carissimis</strong></span> <span class='ocrx_word' id='word_1_180' title='bbox 1267 1426 1385 1460; x_wconf 80' lang='lat' dir='ltr'><strong>liberis</strong></span> <span class='ocrx_word' id='word_1_181' title='bbox 1403 1453 1411 1460; x_wconf 96' lang='lat'><strong>.</strong></span> <span class='ocrx_word' id='word_1_182' title='bbox 1425 1453 1433 1460; x_wconf 91' lang='lat'><strong>.</strong></span> <span class='ocrx_word' id='word_1_183' title='bbox 1447 1453 1456 1461; x_wconf 91' lang='lat'><strong>.</strong></span> <span class='ocrx_word' id='word_1_184' title='bbox 1480 1428 1556 1460; x_wconf 84' lang='lat' dir='ltr'><strong>sine</strong></span> <span class='ocrx_word' id='word_1_185' title='bbox 1579 1428 1702 1460; x_wconf 92' lang='lat' dir='ltr'><strong>dolore</strong></span> <span class='ocrx_word' id='word_1_186' title='bbox 1728 1429 1881 1461; x_wconf 79' lang='lat' dir='ltr'><strong>caruisse</strong></span> 
     </span>
     <span class='ocr_line' id='line_1_19' title="bbox 211 1472 1881 1518; baseline -0.001 -11"><span class='ocrx_word' id='word_1_187' title='bbox 211 1475 352 1518; x_wconf 77' lang='lat' dir='ltr'><strong>glorier.</strong></span> <span class='ocrx_word' id='word_1_188' title='bbox 374 1473 457 1506; x_wconf 85' lang='lat' dir='ltr'><strong>ibid.</strong></span> <span class='ocrx_word' id='word_1_189' title='bbox 469 1473 524 1513; x_wconf 85' lang='lat'><strong>69,</strong></span> <span class='ocrx_word' id='word_1_190' title='bbox 542 1473 619 1507; x_wconf 82' lang='lat'>145.</span> <span class='ocrx_word' id='word_1_191' title='bbox 665 1472 885 1507; x_wconf 78' lang='lat' dir='ltr'><strong>Adverbium</strong></span> <span class='ocrx_word' id='word_1_192' title='bbox 910 1472 1110 1506; x_wconf 74' lang='lat' dir='ltr'><strong>‘cumulate’</strong></span> <span class='ocrx_word' id='word_1_193' title='bbox 1135 1482 1240 1514; x_wconf 88' lang='lat' dir='ltr'><strong>quum</strong></span> <span class='ocrx_word' id='word_1_194' title='bbox 1264 1474 1464 1506; x_wconf 84' lang='lat' dir='ltr'><strong>sexcenties</strong></span> <span class='ocrx_word' id='word_1_195' title='bbox 1488 1483 1509 1505; x_wconf 92' lang='lat' dir='ltr'><strong>a</strong></span> <span class='ocrx_word' id='word_1_196' title='bbox 1527 1472 1700 1505; x_wconf 84' lang='lat' dir='ltr'><strong>Cicerone</strong></span> <span class='ocrx_word' id='word_1_197' title='bbox 1721 1475 1766 1506; x_wconf 85' lang='lat' dir='ltr'><strong>sit</strong></span> <span class='ocrx_word' id='word_1_198' title='bbox 1780 1483 1881 1506; x_wconf 81' lang='lat' dir='ltr'><strong>usur-</strong></span> 
     </span>
     <span class='ocr_line' id='line_1_20' title="bbox 210 1517 1881 1564; baseline -0.001 -12"><span class='ocrx_word' id='word_1_199' title='bbox 210 1523 346 1564; x_wconf 83' lang='lat' dir='ltr'><strong>patum,</strong></span> <span class='ocrx_word' id='word_1_200' title='bbox 371 1517 478 1560; x_wconf 86' lang='lat' dir='ltr'><strong>quum</strong></span> <span class='ocrx_word' id='word_1_201' title='bbox 501 1519 623 1559; x_wconf 78' lang='lat' dir='ltr'><strong>utique</strong></span> <span class='ocrx_word' id='word_1_202' title='bbox 646 1519 682 1550; x_wconf 86' lang='lat' dir='ltr'><strong>in</strong></span> <span class='ocrx_word' id='word_1_203' title='bbox 707 1518 822 1550; x_wconf 89' lang='lat' dir='ltr'><strong>verbis</strong></span> <span class='ocrx_word' id='word_1_204' title='bbox 848 1519 922 1550; x_wconf 89' lang='lat' dir='ltr'><strong>eius</strong></span> <span class='ocrx_word' id='word_1_205' title='bbox 947 1518 1004 1558; x_wconf 89' lang='lat' dir='ltr'><strong>qui</strong></span> <span class='ocrx_word' id='word_1_206' title='bbox 1029 1519 1158 1558; x_wconf 85' lang='lat' dir='ltr'><strong>gratias</strong></span> <span class='ocrx_word' id='word_1_207' title='bbox 1183 1519 1267 1558; x_wconf 90' lang='lat' dir='ltr'><strong>agit,</strong></span> <span class='ocrx_word' id='word_1_208' title='bbox 1292 1519 1408 1550; x_wconf 82' lang='lat' dir='ltr'><strong>inesse</strong></span> <span class='ocrx_word' id='word_1_209' title='bbox 1425 1519 1539 1558; x_wconf 87' lang='lat' dir='ltr'><strong>possit</strong></span> <span class='ocrx_word' id='word_1_210' title='bbox 1556 1519 1713 1550; x_wconf 86' lang='lat' dir='ltr'><strong>cumulus</strong></span> <span class='ocrx_word' id='word_1_211' title='bbox 1729 1518 1881 1560; x_wconf 81' lang='lat' dir='ltr'><strong>quidam,</strong></span> 
     </span>
     <span class='ocr_line' id='line_1_21' title="bbox 213 1561 1882 1605; baseline -0.002 -8"><span class='ocrx_word' id='word_1_212' title='bbox 213 1574 275 1597; x_wconf 88' lang='lat' dir='ltr'><strong>cur</strong></span> <span class='ocrx_word' id='word_1_213' title='bbox 299 1562 695 1597; x_wconf 76' lang='lat' dir='ltr'><strong>damnaverit.Wolflus</strong></span> <span class='ocrx_word' id='word_1_214' title='bbox 720 1563 935 1595; x_wconf 88' lang='lat' dir='ltr'><strong>locutionem</strong></span> <span class='ocrx_word' id='word_1_215' title='bbox 960 1562 1146 1594; x_wconf 87' lang='lat' dir='ltr'><strong>‘cumulate</strong></span> <span class='ocrx_word' id='word_1_216' title='bbox 1173 1563 1303 1604; x_wconf 84' lang='lat' dir='ltr'><strong>gratias</strong></span> <span class='ocrx_word' id='word_1_217' title='bbox 1328 1561 1446 1605; x_wconf 86' lang='lat' dir='ltr'><strong>agere&#39;</strong></span> <span class='ocrx_word' id='word_1_218' title='bbox 1471 1571 1544 1595; x_wconf 88' lang='lat' dir='ltr'><strong>non</strong></span> <span class='ocrx_word' id='word_1_219' title='bbox 1567 1563 1682 1596; x_wconf 82' lang='lat' dir='ltr'><strong>video.</strong></span> <span class='ocrx_word' id='word_1_220' title='bbox 1731 1563 1882 1604; x_wconf 55' lang='lat' dir='ltr'><strong>„eumin</strong></span> 
     </span>
     <span class='ocr_line' id='line_1_22' title="bbox 180 1607 1882 1649; baseline 0 -7"><span class='ocrx_word' id='word_1_221' title='bbox 180 1615 185 1618; x_wconf 79' lang='grc'><strong>’</strong></span> <span class='ocrx_word' id='word_1_222' title='bbox 212 1610 286 1644; x_wconf 85' lang='lat' dir='ltr'><strong>late</strong></span> <span class='ocrx_word' id='word_1_223' title='bbox 309 1622 355 1639; x_wconf 69' lang='grc' dir='ltr'><strong>Ξ</strong></span> <span class='ocrx_word' id='word_1_224' title='bbox 379 1607 532 1649; x_wconf 82' lang='lat' dir='ltr'><strong>affatim,</strong></span> <span class='ocrx_word' id='word_1_225' title='bbox 569 1607 807 1648; x_wconf 84' lang='lat' dir='ltr'><strong>abundanter,</strong></span> <span class='ocrx_word' id='word_1_226' title='bbox 845 1609 1022 1649; x_wconf 86' lang='lat' dir='ltr'><strong>copiose.“</strong></span> <span class='ocrx_word' id='word_1_227' title='bbox 1078 1607 1160 1641; x_wconf 84' lang='lat' dir='ltr'><strong>Sav.</strong></span> <span class='ocrx_word' id='word_1_228' title='bbox 1208 1608 1283 1640; x_wconf 87' lang='lat' dir='ltr'><strong>Nec</strong></span> <span class='ocrx_word' id='word_1_229' title='bbox 1309 1618 1393 1641; x_wconf 86' lang='lat' dir='ltr'><strong>sane</strong></span> <span class='ocrx_word' id='word_1_230' title='bbox 1418 1613 1471 1640; x_wconf 86' lang='lat' dir='ltr'><strong>est</strong></span> <span class='ocrx_word' id='word_1_231' title='bbox 1495 1608 1589 1649; x_wconf 88' lang='lat' dir='ltr'><strong>quod</strong></span> <span class='ocrx_word' id='word_1_232' title='bbox 1613 1609 1708 1640; x_wconf 87' lang='lat' dir='ltr'><strong>idem</strong></span> <span class='ocrx_word' id='word_1_233' title='bbox 1731 1609 1882 1643; x_wconf 80' lang='lat' dir='ltr'><strong>wolfius</strong></span> 
     </span>
     <span class='ocr_line' id='line_1_23' title="bbox 213 1653 1882 1695; baseline 0 -9"><span class='ocrx_word' id='word_1_234' title='bbox 213 1656 363 1689; x_wconf 86' lang='lat' dir='ltr'><strong>miretur</strong></span> <span class='ocrx_word' id='word_1_235' title='bbox 386 1656 422 1686; x_wconf 90' lang='lat' dir='ltr'><strong>in</strong></span> <span class='ocrx_word' id='word_1_236' title='bbox 445 1653 544 1685; x_wconf 87' lang='lat' dir='ltr'><strong>nullo</strong></span> <span class='ocrx_word' id='word_1_237' title='bbox 570 1653 691 1685; x_wconf 90' lang='lat' dir='ltr'><strong>codice</strong></span> <span class='ocrx_word' id='word_1_238' title='bbox 716 1654 786 1695; x_wconf 89' lang='lat' dir='ltr'><strong>legi</strong></span> <span class='ocrx_word' id='word_1_239' title='bbox 810 1655 955 1694; x_wconf 88' lang='lat' dir='ltr'><strong>‘quaeso</strong></span> <span class='ocrx_word' id='word_1_240' title='bbox 982 1653 1208 1694; x_wconf 89' lang='lat' dir='ltr'><strong>obtestorque</strong></span> <span class='ocrx_word' id='word_1_241' title='bbox 1234 1653 1321 1686; x_wconf 87' lang='lat' dir='ltr'><strong>vos’:</strong></span> <span class='ocrx_word' id='word_1_242' title='bbox 1357 1663 1439 1685; x_wconf 90' lang='lat' dir='ltr'><strong>nam</strong></span> <span class='ocrx_word' id='word_1_243' title='bbox 1462 1657 1545 1694; x_wconf 86' lang='lat' dir='ltr'><strong>post</strong></span> <span class='ocrx_word' id='word_1_244' title='bbox 1567 1654 1715 1693; x_wconf 85' lang='lat' dir='ltr'><strong>rogandi</strong></span> <span class='ocrx_word' id='word_1_245' title='bbox 1738 1654 1795 1685; x_wconf 86' lang='lat' dir='ltr'><strong>vel</strong></span> <span class='ocrx_word' id='word_1_246' title='bbox 1819 1653 1882 1686; x_wconf 88' lang='lat' dir='ltr'><strong>ob-</strong></span> 
     </span>
     <span class='ocr_line' id='line_1_24' title="bbox 216 1697 1881 1740; baseline -0.001 -7"><span class='ocrx_word' id='word_1_247' title='bbox 216 1699 378 1733; x_wconf 81' lang='lat' dir='ltr'><strong>secrandi</strong></span> <span class='ocrx_word' id='word_1_248' title='bbox 402 1697 512 1730; x_wconf 87' lang='lat' dir='ltr'><strong>verba</strong></span> <span class='ocrx_word' id='word_1_249' title='bbox 537 1699 708 1739; x_wconf 87' lang='lat' dir='ltr'><strong>omittitur</strong></span> <span class='ocrx_word' id='word_1_250' title='bbox 732 1708 753 1730; x_wconf 88' lang='lat' dir='ltr'><strong>a</strong></span> <span class='ocrx_word' id='word_1_251' title='bbox 778 1698 951 1731; x_wconf 88' lang='lat' dir='ltr'><strong>Cicerone</strong></span> <span class='ocrx_word' id='word_1_252' title='bbox 974 1708 1046 1730; x_wconf 89' lang='lat' dir='ltr'><strong>uon</strong></span> <span class='ocrx_word' id='word_1_253' title='bbox 1070 1708 1259 1740; x_wconf 85' lang='lat' dir='ltr'><strong>numquam</strong></span> <span class='ocrx_word' id='word_1_254' title='bbox 1287 1708 1494 1740; x_wconf 88' lang='lat' dir='ltr'><strong>pronomen.</strong></span> <span class='ocrx_word' id='word_1_255' title='bbox 1530 1697 1591 1731; x_wconf 85' lang='lat' dir='ltr'><strong>cfr.</strong></span> <span class='ocrx_word' id='word_1_256' title='bbox 1625 1698 1730 1732; x_wconf 87' lang='lat' dir='ltr'><strong>Rosc.</strong></span> <span class='ocrx_word' id='word_1_257' title='bbox 1760 1700 1881 1733; x_wconf 75' lang='lat' dir='ltr'><strong>Amor.</strong></span> 
     </span>
     <span class='ocr_line' id='line_1_25' title="bbox 216 1743 1882 1785; baseline 0.001 -9"><span class='ocrx_word' id='word_1_258' title='bbox 216 1745 250 1785; x_wconf 82' lang='lat'><strong>9,</strong></span> <span class='ocrx_word' id='word_1_259' title='bbox 276 1744 336 1776; x_wconf 81' lang='lat'><strong>25:</strong></span> <span class='ocrx_word' id='word_1_260' title='bbox 373 1747 480 1784; x_wconf 90' lang='lat' dir='ltr'><strong>atque</strong></span> <span class='ocrx_word' id='word_1_261' title='bbox 503 1745 618 1785; x_wconf 82' lang='lat' dir='ltr'><strong>ipsum</strong></span> <span class='ocrx_word' id='word_1_262' title='bbox 643 1743 834 1783; x_wconf 85' lang='lat' dir='ltr'><strong>decretum,</strong></span> <span class='ocrx_word' id='word_1_263' title='bbox 861 1752 1005 1784; x_wconf 88' lang='lat' dir='ltr'><strong>quaeso,</strong></span> <span class='ocrx_word' id='word_1_264' title='bbox 1031 1745 1245 1784; x_wconf 81' lang='lat' dir='ltr'><strong>cognoscite.</strong></span> <span class='ocrx_word' id='word_1_265' title='bbox 1282 1743 1363 1776; x_wconf 88' lang='lat' dir='ltr'><strong>ibid.</strong></span> <span class='ocrx_word' id='word_1_266' title='bbox 1382 1745 1437 1783; x_wconf 84' lang='lat'><strong>28,</strong></span> <span class='ocrx_word' id='word_1_267' title='bbox 1455 1744 1514 1775; x_wconf 82' lang='lat'><strong>77:</strong></span> <span class='ocrx_word' id='word_1_268' title='bbox 1553 1743 1751 1776; x_wconf 84' lang='lat' dir='ltr'><strong>etiamnunc</strong></span> <span class='ocrx_word' id='word_1_269' title='bbox 1775 1748 1815 1777; x_wconf 84' lang='lat' dir='ltr'><strong>ut</strong></span> <span class='ocrx_word' id='word_1_270' title='bbox 1837 1754 1882 1777; x_wconf 87' lang='lat' dir='ltr'><strong>ex</strong></span> 
     </span>
     <span class='ocr_line' id='line_1_26' title="bbox 212 1788 1882 1831; baseline 0.001 -9"><span class='ocrx_word' id='word_1_271' title='bbox 212 1791 255 1822; x_wconf 91' lang='lat' dir='ltr'><strong>iis</strong></span> <span class='ocrx_word' id='word_1_272' title='bbox 281 1792 472 1830; x_wconf 85' lang='lat' dir='ltr'><strong>quaeratur</strong></span> <span class='ocrx_word' id='word_1_273' title='bbox 494 1797 562 1829; x_wconf 82' lang='lat' dir='ltr'><strong>ego</strong></span> <span class='ocrx_word' id='word_1_274' title='bbox 586 1789 750 1830; x_wconf 85' lang='lat' dir='ltr'><strong>postulo,</strong></span> <span class='ocrx_word' id='word_1_275' title='bbox 786 1788 842 1820; x_wconf 89' lang='lat' dir='ltr'><strong>hic</strong></span> <span class='ocrx_word' id='word_1_276' title='bbox 867 1791 946 1820; x_wconf 91' lang='lat' dir='ltr'><strong>orat</strong></span> <span class='ocrx_word' id='word_1_277' title='bbox 968 1792 1073 1829; x_wconf 88' lang='lat' dir='ltr'><strong>atque</strong></span> <span class='ocrx_word' id='word_1_278' title='bbox 1098 1788 1271 1821; x_wconf 81' lang='lat' dir='ltr'><strong>obsecrat.</strong></span> <span class='ocrx_word' id='word_1_279' title='bbox 1330 1788 1435 1821; x_wconf 84' lang='lat' dir='ltr'><strong>Tusc.</strong></span> <span class='ocrx_word' id='word_1_280' title='bbox 1459 1789 1599 1829; x_wconf 76' lang='lat' dir='ltr'><strong>Disput.</strong></span> <span class='ocrx_word' id='word_1_281' title='bbox 1616 1791 1645 1829; x_wconf 88' lang='lat' dir='ltr'><strong>l,</strong></span> <span class='ocrx_word' id='word_1_282' title='bbox 1663 1790 1695 1830; x_wconf 89' lang='lat'><strong>5,</strong></span> <span class='ocrx_word' id='word_1_283' title='bbox 1715 1791 1778 1822; x_wconf 66' lang='lat'><strong>10³</strong></span> <span class='ocrx_word' id='word_1_284' title='bbox 1814 1790 1882 1831; x_wconf 90' lang='lat' dir='ltr'><strong>dic,</strong></span> 
     </span>
     <span class='ocr_line' id='line_1_27' title="bbox 215 1833 1542 1877; baseline -0.002 -10"><span class='ocrx_word' id='word_1_285' title='bbox 215 1843 360 1877; x_wconf 79' lang='lat' dir='ltr'><strong>quaeso,</strong></span> <span class='ocrx_word' id='word_1_286' title='bbox 384 1843 469 1866; x_wconf 91' lang='lat' dir='ltr'><strong>num</strong></span> <span class='ocrx_word' id='word_1_287' title='bbox 493 1837 528 1865; x_wconf 89' lang='lat' dir='ltr'><strong>te</strong></span> <span class='ocrx_word' id='word_1_288' title='bbox 551 1834 612 1866; x_wconf 88' lang='lat' dir='ltr'><strong>illa</strong></span> <span class='ocrx_word' id='word_1_289' title='bbox 636 1835 793 1866; x_wconf 77' lang='lat' dir='ltr'><strong>terrent?</strong></span> <span class='ocrx_word' id='word_1_290' title='bbox 839 1834 947 1867; x_wconf 82' lang='lat' dir='ltr'><strong>Attic.</strong></span> <span class='ocrx_word' id='word_1_291' title='bbox 966 1835 1020 1873; x_wconf 87' lang='lat'><strong>11,</strong></span> <span class='ocrx_word' id='word_1_292' title='bbox 1038 1836 1074 1866; x_wconf 84' lang='lat'><strong>2:</strong></span> <span class='ocrx_word' id='word_1_293' title='bbox 1100 1844 1176 1874; x_wconf 91' lang='lat' dir='ltr'><strong>oro,</strong></span> <span class='ocrx_word' id='word_1_294' title='bbox 1201 1833 1361 1874; x_wconf 86' lang='lat' dir='ltr'><strong>obsecro,</strong></span> <span class='ocrx_word' id='word_1_295' title='bbox 1386 1835 1542 1873; x_wconf 70' lang='lat' dir='ltr'><strong>ignosce.</strong></span> 
     </span>
    </p>

    <p class='ocr_par' dir='ltr' id='par_1_7' title="bbox 213 1876 1883 2004">
     <span class='ocr_line' id='line_1_28' title="bbox 255 1876 1881 1922; baseline 0.002 -13"><span class='ocrx_word' id='word_1_296' title='bbox 255 1905 258 1909; x_wconf 77' lang='grc'><strong><em>,</em></strong></span> <span class='ocrx_word' id='word_1_297' title='bbox 325 1878 366 1911; x_wconf 65' lang='lat' dir='ltr'><strong>id</strong></span> <span class='ocrx_word' id='word_1_298' title='bbox 386 1876 636 1922; x_wconf 70' lang='lat' dir='ltr'><strong>tribuendum]</strong></span> <span class='ocrx_word' id='word_1_299' title='bbox 674 1880 854 1920; x_wconf 82' lang='lat' dir='ltr'><strong>vulgatam</strong></span> <span class='ocrx_word' id='word_1_300' title='bbox 889 1883 1030 1911; x_wconf 83' lang='lat' dir='ltr'><strong>secutus</strong></span> <span class='ocrx_word' id='word_1_301' title='bbox 1062 1890 1137 1911; x_wconf 89' lang='lat' dir='ltr'><strong>sum</strong></span> <span class='ocrx_word' id='word_1_302' title='bbox 1163 1880 1361 1912; x_wconf 85' lang='lat' dir='ltr'><strong>lectionem.</strong></span> <span class='ocrx_word' id='word_1_303' title='bbox 1408 1880 1448 1910; x_wconf 95' lang='lat' dir='ltr'><strong>In</strong></span> <span class='ocrx_word' id='word_1_304' title='bbox 1474 1879 1576 1912; x_wconf 85' lang='lat' dir='ltr'><strong>codd.</strong></span> <span class='ocrx_word' id='word_1_305' title='bbox 1623 1879 1695 1911; x_wconf 86' lang='lat' dir='ltr'><strong>Erl.</strong></span> <span class='ocrx_word' id='word_1_306' title='bbox 1721 1884 1756 1911; x_wconf 85' lang='lat' dir='ltr'><strong>et</strong></span> <span class='ocrx_word' id='word_1_307' title='bbox 1778 1880 1881 1912; x_wconf 90' lang='lat' dir='ltr'><strong>Lam-</strong></span> 
     </span>
     <span class='ocr_line' id='line_1_29' title="bbox 213 1923 1883 1968; baseline 0.001 -12"><span class='ocrx_word' id='word_1_308' title='bbox 213 1925 286 1957; x_wconf 88' lang='lat' dir='ltr'><strong>bini</strong></span> <span class='ocrx_word' id='word_1_309' title='bbox 320 1924 489 1964; x_wconf 88' lang='lat' dir='ltr'><strong>scriptum</strong></span> <span class='ocrx_word' id='word_1_310' title='bbox 523 1923 654 1963; x_wconf 82' lang='lat' dir='ltr'><strong>legitur</strong></span> <span class='ocrx_word' id='word_1_311' title='bbox 685 1923 979 1955; x_wconf 72' lang='lat' dir='ltr'><strong>‘attribuendum‘z</strong></span> <span class='ocrx_word' id='word_1_312' title='bbox 1026 1926 1061 1956; x_wconf 89' lang='lat' dir='ltr'><strong>in</strong></span> <span class='ocrx_word' id='word_1_313' title='bbox 1092 1924 1166 1956; x_wconf 89' lang='lat' dir='ltr'><strong>Erl.</strong></span> <span class='ocrx_word' id='word_1_314' title='bbox 1200 1929 1385 1965; x_wconf 86' lang='lat' dir='ltr'><strong>praeterea</strong></span> <span class='ocrx_word' id='word_1_315' title='bbox 1429 1924 1528 1956; x_wconf 86' lang='lat' dir='ltr'><strong>deest</strong></span> <span class='ocrx_word' id='word_1_316' title='bbox 1558 1933 1754 1965; x_wconf 89' lang='lat' dir='ltr'><strong>pronomen</strong></span> <span class='ocrx_word' id='word_1_317' title='bbox 1787 1925 1883 1968; x_wconf 90' lang='lat' dir='ltr'><strong>quod</strong></span> 
     </span>
     <span class='ocr_line' id='line_1_30' title="bbox 213 1965 1072 2004; baseline -0.005 -1"><span class='ocrx_word' id='word_1_318' title='bbox 213 1967 416 2004; x_wconf 85' lang='lat' dir='ltr'><strong>addendum</strong></span> <span class='ocrx_word' id='word_1_319' title='bbox 440 1968 646 2000; x_wconf 87' lang='lat' dir='ltr'><strong>existimavi.</strong></span> <span class='ocrx_word' id='word_1_320' title='bbox 1068 1965 1072 1969; x_wconf 90' lang='grc'><strong><em>’</em></strong></span> 
     </span>
    </p>

    <p class='ocr_par' dir='ltr' id='par_1_8' title="bbox 214 2011 1880 2099">
     <span class='ocr_line' id='line_1_31' title="bbox 329 2011 1880 2057; baseline 0.001 -11"><span class='ocrx_word' id='word_1_321' title='bbox 329 2021 425 2055; x_wconf 74' lang='lat' dir='ltr'><strong>quae</strong></span> <span class='ocrx_word' id='word_1_322' title='bbox 449 2014 557 2046; x_wconf 77' lang='lat' dir='ltr'><strong>tanta</strong></span> <span class='ocrx_word' id='word_1_323' title='bbox 577 2011 686 2055; x_wconf 69' lang='lat' dir='ltr'><strong>enim]</strong></span> <span class='ocrx_word' id='word_1_324' title='bbox 724 2013 825 2046; x_wconf 88' lang='lat' dir='ltr'><strong>codd.</strong></span> <span class='ocrx_word' id='word_1_325' title='bbox 860 2014 934 2045; x_wconf 86' lang='lat' dir='ltr'><strong>Erl.</strong></span> <span class='ocrx_word' id='word_1_326' title='bbox 966 2014 1098 2047; x_wconf 85' lang='lat' dir='ltr'><strong>Erfurt.</strong></span> <span class='ocrx_word' id='word_1_327' title='bbox 1134 2015 1273 2047; x_wconf 85' lang='lat' dir='ltr'><strong>Francii</strong></span> <span class='ocrx_word' id='word_1_328' title='bbox 1306 2016 1405 2056; x_wconf 88' lang='lat' dir='ltr'><strong>prim.</strong></span> <span class='ocrx_word' id='word_1_329' title='bbox 1431 2018 1466 2045; x_wconf 91' lang='lat' dir='ltr'><strong>et</strong></span> <span class='ocrx_word' id='word_1_330' title='bbox 1488 2014 1661 2045; x_wconf 84' lang='lat' dir='ltr'><strong>editiones</strong></span> <span class='ocrx_word' id='word_1_331' title='bbox 1687 2013 1880 2057; x_wconf 82' lang='lat' dir='ltr'><strong>Garatonii,</strong></span> 
     </span>
     <span class='ocr_line' id='line_1_32' title="bbox 214 2057 1016 2099; baseline -0.001 -7"><span class='ocrx_word' id='word_1_332' title='bbox 214 2059 358 2094; x_wconf 84' lang='lat' dir='ltr'><strong>Klotzii.</strong></span> <span class='ocrx_word' id='word_1_333' title='bbox 383 2058 491 2098; x_wconf 83' lang='lat' dir='ltr'><strong>vulgo</strong></span> <span class='ocrx_word' id='word_1_334' title='bbox 517 2057 633 2089; x_wconf 86' lang='lat' dir='ltr'><strong>editur</strong></span> <span class='ocrx_word' id='word_1_335' title='bbox 655 2059 757 2099; x_wconf 90' lang='lat' dir='ltr'><strong>‘quae</strong></span> <span class='ocrx_word' id='word_1_336' title='bbox 781 2059 872 2090; x_wconf 89' lang='lat' dir='ltr'><strong>enim</strong></span> <span class='ocrx_word' id='word_1_337' title='bbox 896 2058 1016 2092; x_wconf 84' lang='lat' dir='ltr'><strong>tanta’.</strong></span> 
     </span>
    </p>

    <p class='ocr_par' dir='ltr' id='par_1_9' title="bbox 213 2102 1887 2463">
     <span class='ocr_line' id='line_1_33' title="bbox 327 2102 1881 2146; baseline 0.001 -10"><span class='ocrx_word' id='word_1_338' title='bbox 327 2103 449 2146; x_wconf 70' lang='lat' dir='ltr'><strong>possit</strong></span> <span class='ocrx_word' id='word_1_339' title='bbox 470 2102 614 2145; x_wconf 71' lang='lat' dir='ltr'><strong>vestra]</strong></span> <span class='ocrx_word' id='word_1_340' title='bbox 642 2105 794 2145; x_wconf 90' lang='lat' dir='ltr'><strong>praetuli</strong></span> <span class='ocrx_word' id='word_1_341' title='bbox 818 2103 908 2136; x_wconf 86' lang='lat' dir='ltr'><strong>hanc</strong></span> <span class='ocrx_word' id='word_1_342' title='bbox 933 2105 1122 2136; x_wconf 89' lang='lat' dir='ltr'><strong>lectionem</strong></span> <span class='ocrx_word' id='word_1_343' title='bbox 1148 2105 1178 2136; x_wconf 91' lang='lat' dir='ltr'><strong>ei</strong></span> <span class='ocrx_word' id='word_1_344' title='bbox 1202 2115 1307 2145; x_wconf 88' lang='lat' dir='ltr'><strong>quam</strong></span> <span class='ocrx_word' id='word_1_345' title='bbox 1331 2109 1473 2137; x_wconf 87' lang='lat' dir='ltr'><strong>tuentur</strong></span> <span class='ocrx_word' id='word_1_346' title='bbox 1498 2104 1598 2138; x_wconf 89' lang='lat' dir='ltr'><strong>codd.</strong></span> <span class='ocrx_word' id='word_1_347' title='bbox 1622 2105 1696 2137; x_wconf 82' lang='lat' dir='ltr'><strong>Erl.</strong></span> <span class='ocrx_word' id='word_1_348' title='bbox 1722 2109 1757 2136; x_wconf 89' lang='lat' dir='ltr'><strong>et</strong></span> <span class='ocrx_word' id='word_1_349' title='bbox 1778 2105 1881 2139; x_wconf 88' lang='lat' dir='ltr'><strong>Pith.:</strong></span> 
     </span>
     <span class='ocr_line' id='line_1_34' title="bbox 215 2146 1880 2194; baseline -0.001 -11"><span class='ocrx_word' id='word_1_350' title='bbox 215 2152 351 2194; x_wconf 85' lang='lat' dir='ltr'><strong>‘posset</strong></span> <span class='ocrx_word' id='word_1_351' title='bbox 373 2146 553 2180; x_wconf 60' lang='lat' dir='ltr'><strong>vestrum)</strong></span> <span class='ocrx_word' id='word_1_352' title='bbox 599 2147 865 2181; x_wconf 88' lang='lat' dir='ltr'><strong>Substantivum</strong></span> <span class='ocrx_word' id='word_1_353' title='bbox 899 2149 1149 2190; x_wconf 88' lang='lat' dir='ltr'><strong>‘promeritum&#39;</strong></span> <span class='ocrx_word' id='word_1_354' title='bbox 1181 2151 1262 2190; x_wconf 90' lang='lat' dir='ltr'><strong>quia</strong></span> <span class='ocrx_word' id='word_1_355' title='bbox 1285 2159 1456 2191; x_wconf 87' lang='lat' dir='ltr'><strong>nusquam</strong></span> <span class='ocrx_word' id='word_1_356' title='bbox 1490 2151 1618 2191; x_wconf 87' lang='lat' dir='ltr'><strong>legitur</strong></span> <span class='ocrx_word' id='word_1_357' title='bbox 1642 2151 1677 2181; x_wconf 91' lang='lat' dir='ltr'><strong>in</strong></span> <span class='ocrx_word' id='word_1_358' title='bbox 1701 2149 1797 2183; x_wconf 88' lang='lat' dir='ltr'><strong>libris</strong></span> <span class='ocrx_word' id='word_1_359' title='bbox 1823 2151 1880 2183; x_wconf 87' lang='lat' dir='ltr'><strong>Ci-</strong></span> 
     </span>
     <span class='ocr_line' id='line_1_35' title="bbox 215 2192 1885 2235; baseline 0 -6"><span class='ocrx_word' id='word_1_360' title='bbox 215 2195 352 2229; x_wconf 88' lang='lat' dir='ltr'><strong>ceronis</strong></span> <span class='ocrx_word' id='word_1_361' title='bbox 375 2192 532 2225; x_wconf 80' lang='lat' dir='ltr'><strong>nisihoc</strong></span> <span class='ocrx_word' id='word_1_362' title='bbox 556 2193 637 2225; x_wconf 92' lang='lat' dir='ltr'><strong>loco</strong></span> <span class='ocrx_word' id='word_1_363' title='bbox 664 2198 699 2226; x_wconf 86' lang='lat' dir='ltr'><strong>et</strong></span> <span class='ocrx_word' id='word_1_364' title='bbox 724 2194 820 2234; x_wconf 87' lang='lat' dir='ltr'><strong>Quir.</strong></span> <span class='ocrx_word' id='word_1_365' title='bbox 836 2195 869 2228; x_wconf 85' lang='lat'><strong>4.</strong></span> <span class='ocrx_word' id='word_1_366' title='bbox 894 2195 968 2227; x_wconf 91' lang='lat' dir='ltr'><strong>init.</strong></span> <span class='ocrx_word' id='word_1_367' title='bbox 989 2204 1010 2226; x_wconf 86' lang='lat' dir='ltr'><strong>a</strong></span> <span class='ocrx_word' id='word_1_368' title='bbox 1034 2194 1165 2227; x_wconf 89' lang='lat' dir='ltr'><strong>Wolfio</strong></span> <span class='ocrx_word' id='word_1_369' title='bbox 1191 2199 1356 2235; x_wconf 88' lang='lat' dir='ltr'><strong>notatur,</strong></span> <span class='ocrx_word' id='word_1_370' title='bbox 1380 2205 1402 2227; x_wconf 90' lang='lat' dir='ltr'><strong>a</strong></span> <span class='ocrx_word' id='word_1_371' title='bbox 1423 2195 1564 2228; x_wconf 86' lang='lat' dir='ltr'><strong>Klotzio</strong></span> <span class='ocrx_word' id='word_1_372' title='bbox 1588 2197 1662 2227; x_wconf 90' lang='lat' dir='ltr'><strong>iure</strong></span> <span class='ocrx_word' id='word_1_373' title='bbox 1686 2194 1885 2229; x_wconf 84' lang='lat' dir='ltr'><strong>defenditur</strong></span> 
     </span>
     <span class='ocr_line' id='line_1_36' title="bbox 213 2238 1881 2283; baseline -0.001 -8"><span class='ocrx_word' id='word_1_374' title='bbox 213 2242 269 2275; x_wconf 79' lang='lat' dir='ltr'><strong>h&#39;is</strong></span> <span class='ocrx_word' id='word_1_375' title='bbox 292 2238 426 2272; x_wconf 83' lang='lat' dir='ltr'><strong>verbis:</strong></span> <span class='ocrx_word' id='word_1_376' title='bbox 455 2239 706 2280; x_wconf 78' lang='lat' dir='ltr'><strong>,promeritum</strong></span> <span class='ocrx_word' id='word_1_377' title='bbox 729 2241 775 2272; x_wconf 87' lang='lat' dir='ltr'><strong>ist</strong></span> <span class='ocrx_word' id='word_1_378' title='bbox 800 2238 940 2271; x_wconf 71' lang='lat' dir='ltr'><strong>starker</strong></span> <span class='ocrx_word' id='word_1_379' title='bbox 963 2240 1016 2272; x_wconf 86' lang='lat' dir='ltr'><strong>als</strong></span> <span class='ocrx_word' id='word_1_380' title='bbox 1041 2241 1222 2280; x_wconf 66' lang='lat' dir='ltr'><strong>meritum,</strong></span> <span class='ocrx_word' id='word_1_381' title='bbox 1249 2238 1388 2282; x_wconf 68' lang='lat' dir='ltr'><strong>gemass</strong></span> <span class='ocrx_word' id='word_1_382' title='bbox 1413 2240 1476 2272; x_wconf 86' lang='lat' dir='ltr'><strong>der</strong></span> <span class='ocrx_word' id='word_1_383' title='bbox 1500 2240 1789 2283; x_wconf 79' lang='lat' dir='ltr'><strong>ursprsmglichen</strong></span> <span class='ocrx_word' id='word_1_384' title='bbox 1813 2241 1881 2274; x_wconf 89' lang='lat' dir='ltr'><strong>Be-</strong></span> 
     </span>
     <span class='ocr_line' id='line_1_37' title="bbox 216 2284 1881 2327; baseline -0.001 -8"><span class='ocrx_word' id='word_1_385' title='bbox 216 2286 375 2326; x_wconf 85' lang='lat' dir='ltr'><strong>deutung</strong></span> <span class='ocrx_word' id='word_1_386' title='bbox 398 2293 468 2316; x_wconf 85' lang='lat' dir='ltr'><strong>von</strong></span> <span class='ocrx_word' id='word_1_387' title='bbox 492 2293 558 2325; x_wconf 86' lang='lat' dir='ltr'><strong>pro</strong></span> <span class='ocrx_word' id='word_1_388' title='bbox 584 2284 724 2317; x_wconf 89' lang='lat' dir='ltr'><strong>besteht</strong></span> <span class='ocrx_word' id='word_1_389' title='bbox 746 2286 802 2317; x_wconf 91' lang='lat' dir='ltr'><strong>die</strong></span> <span class='ocrx_word' id='word_1_390' title='bbox 826 2284 1071 2326; x_wconf 76' lang='lat' dir='ltr'><strong>Verstiirkung</strong></span> <span class='ocrx_word' id='word_1_391' title='bbox 1107 2286 1227 2325; x_wconf 84' lang='lat' dir='ltr'><strong>darin,</strong></span> <span class='ocrx_word' id='word_1_392' title='bbox 1269 2286 1350 2317; x_wconf 85' lang='lat' dir='ltr'><strong>dass</strong></span> <span class='ocrx_word' id='word_1_393' title='bbox 1385 2296 1422 2318; x_wconf 88' lang='lat' dir='ltr'><strong>es</strong></span> <span class='ocrx_word' id='word_1_394' title='bbox 1457 2287 1558 2318; x_wconf 89' lang='lat' dir='ltr'><strong>einen</strong></span> <span class='ocrx_word' id='word_1_395' title='bbox 1595 2286 1767 2327; x_wconf 83' lang='lat' dir='ltr'><strong>gewissen</strong></span> <span class='ocrx_word' id='word_1_396' title='bbox 1791 2287 1881 2326; x_wconf 81' lang='lat' dir='ltr'><strong>V,or-</strong></span> 
     </span>
     <span class='ocr_line' id='line_1_38' title="bbox 216 2329 1887 2371; baseline 0.002 -9"><span class='ocrx_word' id='word_1_397' title='bbox 216 2330 341 2365; x_wconf 86' lang='lat' dir='ltr'><strong>schritt</strong></span> <span class='ocrx_word' id='word_1_398' title='bbox 365 2337 436 2360; x_wconf 87' lang='lat' dir='ltr'><strong>von</strong></span> <span class='ocrx_word' id='word_1_399' title='bbox 458 2329 647 2362; x_wconf 83' lang='lat' dir='ltr'><strong>Verdienst</strong></span> <span class='ocrx_word' id='word_1_400' title='bbox 671 2330 848 2363; x_wconf 88' lang='lat' dir='ltr'><strong>bedeutet.</strong></span> <span class='ocrx_word' id='word_1_401' title='bbox 895 2331 989 2362; x_wconf 87' lang='lat' dir='ltr'><strong>Dass</strong></span> <span class='ocrx_word' id='word_1_402' title='bbox 1015 2330 1139 2363; x_wconf 89' lang='lat' dir='ltr'><strong>Cicero</strong></span> <span class='ocrx_word' id='word_1_403' title='bbox 1165 2330 1227 2362; x_wconf 89' lang='lat' dir='ltr'><strong>das</strong></span> <span class='ocrx_word' id='word_1_404' title='bbox 1252 2331 1356 2364; x_wconf 88' lang='lat' dir='ltr'><strong>Wort</strong></span> <span class='ocrx_word' id='word_1_405' title='bbox 1380 2336 1480 2364; x_wconf 87' lang='lat' dir='ltr'><strong>sonst</strong></span> <span class='ocrx_word' id='word_1_406' title='bbox 1503 2331 1599 2363; x_wconf 87' lang='lat' dir='ltr'><strong>nicht</strong></span> <span class='ocrx_word' id='word_1_407' title='bbox 1622 2331 1781 2371; x_wconf 76' lang='lat' dir='ltr'><strong>Braucht,</strong></span> <span class='ocrx_word' id='word_1_408' title='bbox 1806 2332 1887 2366; x_wconf 81' lang='lat' dir='ltr'><strong>darf</strong></span> 
     </span>
     <span class='ocr_line' id='line_1_39' title="bbox 214 2373 1881 2417; baseline 0 -8"><span class='ocrx_word' id='word_1_409' title='bbox 214 2376 346 2409; x_wconf 85' lang='lat' dir='ltr'><strong>keineu</strong></span> <span class='ocrx_word' id='word_1_410' title='bbox 370 2373 550 2407; x_wconf 85' lang='lat' dir='ltr'><strong>Verdacht</strong></span> <span class='ocrx_word' id='word_1_411' title='bbox 573 2384 733 2417; x_wconf 82' lang='lat' dir='ltr'><strong>erregen,</strong></span> <span class='ocrx_word' id='word_1_412' title='bbox 772 2376 816 2408; x_wconf 91' lang='lat' dir='ltr'><strong>da</strong></span> <span class='ocrx_word' id='word_1_413' title='bbox 841 2376 930 2408; x_wconf 88' lang='lat' dir='ltr'><strong>auch</strong></span> <span class='ocrx_word' id='word_1_414' title='bbox 955 2376 1017 2408; x_wconf 85' lang='lat' dir='ltr'><strong>das</strong></span> <span class='ocrx_word' id='word_1_415' title='bbox 1042 2376 1137 2409; x_wconf 89' lang='lat' dir='ltr'><strong>verb.</strong></span> <span class='ocrx_word' id='word_1_416' title='bbox 1164 2376 1378 2417; x_wconf 87' lang='lat' dir='ltr'><strong>‘promereri‘</strong></span> <span class='ocrx_word' id='word_1_417' title='bbox 1404 2377 1467 2410; x_wconf 89' lang='lat' dir='ltr'><strong>das</strong></span> <span class='ocrx_word' id='word_1_418' title='bbox 1490 2377 1582 2409; x_wconf 91' lang='lat' dir='ltr'><strong>noch</strong></span> <span class='ocrx_word' id='word_1_419' title='bbox 1606 2377 1780 2410; x_wconf 82' lang='lat' dir='ltr'><strong>Niemand</strong></span> <span class='ocrx_word' id='word_1_420' title='bbox 1804 2387 1881 2410; x_wconf 81' lang='lat' dir='ltr'><strong>ver-</strong></span> 
     </span>
     <span class='ocr_line' id='line_1_40' title="bbox 215 2417 1718 2463; baseline 0 -9"><span class='ocrx_word' id='word_1_421' title='bbox 215 2420 375 2463; x_wconf 70' lang='lat' dir='ltr'><strong>dachtigt</strong></span> <span class='ocrx_word' id='word_1_422' title='bbox 398 2418 471 2458; x_wconf 85' lang='lat' dir='ltr'><strong>hat,</strong></span> <span class='ocrx_word' id='word_1_423' title='bbox 495 2418 551 2450; x_wconf 90' lang='lat' dir='ltr'><strong>bei</strong></span> <span class='ocrx_word' id='word_1_424' title='bbox 572 2420 643 2452; x_wconf 89' lang='lat' dir='ltr'><strong>ihm</strong></span> <span class='ocrx_word' id='word_1_425' title='bbox 665 2422 778 2454; x_wconf 89' lang='lat' dir='ltr'><strong>selten</strong></span> <span class='ocrx_word' id='word_1_426' title='bbox 801 2423 878 2455; x_wconf 88' lang='lat' dir='ltr'><strong>ist.“</strong></span> <span class='ocrx_word' id='word_1_427' title='bbox 1193 2417 1199 2422; x_wconf 82' lang='lat'>&#39;</span> <span class='ocrx_word' id='word_1_428' title='bbox 1716 2425 1718 2428; x_wconf 77' lang='grc'>’</span> 
     </span>
    </p>

    <p class='ocr_par' dir='ltr' id='par_1_10' title="bbox 213 2464 1884 2873">
     <span class='ocr_line' id='line_1_41' title="bbox 328 2464 1881 2510; baseline 0.001 -11"><span class='ocrx_word' id='word_1_429' title='bbox 328 2465 527 2504; x_wconf 71' lang='lat' dir='ltr'><strong>complecti</strong></span> <span class='ocrx_word' id='word_1_430' title='bbox 551 2464 736 2510; x_wconf 78' lang='lat' dir='ltr'><strong>ornando]</strong></span> <span class='ocrx_word' id='word_1_431' title='bbox 767 2466 858 2499; x_wconf 89' lang='lat' dir='ltr'><strong>hanc</strong></span> <span class='ocrx_word' id='word_1_432' title='bbox 883 2467 1072 2498; x_wconf 89' lang='lat' dir='ltr'><strong>lectionem</strong></span> <span class='ocrx_word' id='word_1_433' title='bbox 1097 2465 1199 2499; x_wconf 87' lang='lat' dir='ltr'><strong>codd.</strong></span> <span class='ocrx_word' id='word_1_434' title='bbox 1223 2466 1298 2500; x_wconf 87' lang='lat' dir='ltr'><strong>Erl.</strong></span> <span class='ocrx_word' id='word_1_435' title='bbox 1322 2466 1414 2499; x_wconf 88' lang='lat' dir='ltr'><strong>Pith.</strong></span> <span class='ocrx_word' id='word_1_436' title='bbox 1439 2467 1540 2498; x_wconf 89' lang='lat' dir='ltr'><strong>unius</strong></span> <span class='ocrx_word' id='word_1_437' title='bbox 1566 2465 1743 2498; x_wconf 82' lang='lat' dir='ltr'><strong>cuiusdam</strong></span> <span class='ocrx_word' id='word_1_438' title='bbox 1765 2466 1881 2500; x_wconf 89' lang='lat' dir='ltr'><strong>Lalle-</strong></span> 
     </span>
     <span class='ocr_line' id='line_1_42' title="bbox 214 2509 1880 2553; baseline 0.001 -10"><span class='ocrx_word' id='word_1_439' title='bbox 214 2510 333 2546; x_wconf 82' lang='lat' dir='ltr'><strong>mandi</strong></span> <span class='ocrx_word' id='word_1_440' title='bbox 354 2512 454 2542; x_wconf 86' lang='lat' dir='ltr'><strong>recte</strong></span> <span class='ocrx_word' id='word_1_441' title='bbox 476 2509 873 2550; x_wconf 80' lang='lat' dir='ltr'><strong>praetulerunt-Graev.</strong></span> <span class='ocrx_word' id='word_1_442' title='bbox 900 2511 1022 2544; x_wconf 84' lang='lat' dir='ltr'><strong>Garat.</strong></span> <span class='ocrx_word' id='word_1_443' title='bbox 1046 2511 1161 2543; x_wconf 88' lang='lat' dir='ltr'><strong>Nobb.</strong></span> <span class='ocrx_word' id='word_1_444' title='bbox 1185 2512 1303 2545; x_wconf 89' lang='lat' dir='ltr'><strong>Klotz.</strong></span> <span class='ocrx_word' id='word_1_445' title='bbox 1322 2513 1349 2545; x_wconf 89' lang='lat'><strong>1.</strong></span> <span class='ocrx_word' id='word_1_446' title='bbox 1374 2512 1538 2552; x_wconf 84' lang='lat' dir='ltr'><strong>vulgatae</strong></span> <span class='ocrx_word' id='word_1_447' title='bbox 1562 2510 1732 2545; x_wconf 85' lang='lat' dir='ltr'><strong>‘orando.’</strong></span> <span class='ocrx_word' id='word_1_448' title='bbox 1787 2512 1880 2553; x_wconf 91' lang='lat' dir='ltr'><strong>quod</strong></span> 
     </span>
     <span class='ocr_line' id='line_1_43' title="bbox 214 2553 1882 2599; baseline 0 -10"><span class='ocrx_word' id='word_1_449' title='bbox 214 2557 360 2588; x_wconf 85' lang='lat' dir='ltr'><strong>verbum</strong></span> <span class='ocrx_word' id='word_1_450' title='bbox 387 2553 538 2586; x_wconf 80' lang='lat' dir='ltr'><strong>wolfius</strong></span> <span class='ocrx_word' id='word_1_451' title='bbox 563 2554 702 2594; x_wconf 87' lang='lat' dir='ltr'><strong>quidem</strong></span> <span class='ocrx_word' id='word_1_452' title='bbox 725 2557 830 2597; x_wconf 83' lang='lat' dir='ltr'><strong>longe</strong></span> <span class='ocrx_word' id='word_1_453' title='bbox 857 2557 973 2598; x_wconf 87' lang='lat' dir='ltr'><strong>aptius</strong></span> <span class='ocrx_word' id='word_1_454' title='bbox 1005 2560 1106 2597; x_wconf 89' lang='lat' dir='ltr'><strong>putat</strong></span> <span class='ocrx_word' id='word_1_455' title='bbox 1137 2555 1247 2587; x_wconf 85' lang='lat' dir='ltr'><strong>verbo</strong></span> <span class='ocrx_word' id='word_1_456' title='bbox 1280 2556 1547 2598; x_wconf 87' lang='lat' dir='ltr'><strong>complectendi.</strong></span> <span class='ocrx_word' id='word_1_457' title='bbox 1602 2557 1654 2590; x_wconf 83' lang='lat' dir='ltr'><strong>At</strong></span> <span class='ocrx_word' id='word_1_458' title='bbox 1682 2557 1882 2599; x_wconf 85' lang='lat' dir='ltr'><strong>‘complecti</strong></span> 
     </span>
     <span class='ocr_line' id='line_1_44' title="bbox 217 2598 1884 2644; baseline 0.001 -12"><span class='ocrx_word' id='word_1_459' title='bbox 217 2598 364 2634; x_wconf 78' lang='lat' dir='ltr'><strong>orando&#39;</strong></span> <span class='ocrx_word' id='word_1_460' title='bbox 388 2598 474 2630; x_wconf 90' lang='lat' dir='ltr'><strong>nihil</strong></span> <span class='ocrx_word' id='word_1_461' title='bbox 507 2598 603 2631; x_wconf 87' lang='lat' dir='ltr'><strong>aliud</strong></span> <span class='ocrx_word' id='word_1_462' title='bbox 636 2610 741 2641; x_wconf 87' lang='lat' dir='ltr'><strong>quam</strong></span> <span class='ocrx_word' id='word_1_463' title='bbox 772 2603 970 2644; x_wconf 73' lang='lat' dir='ltr'><strong>,complecti</strong></span> <span class='ocrx_word' id='word_1_464' title='bbox 1002 2602 1176 2633; x_wconf 88' lang='lat' dir='ltr'><strong>oratione‘</strong></span> <span class='ocrx_word' id='word_1_465' title='bbox 1193 2618 1237 2623; x_wconf 94' lang='lat'>—</span> <span class='ocrx_word' id='word_1_466' title='bbox 1262 2611 1351 2643; x_wconf 85' lang='lat' dir='ltr'><strong>quae</strong></span> <span class='ocrx_word' id='word_1_467' title='bbox 1378 2601 1517 2644; x_wconf 83' lang='lat' dir='ltr'><strong>quidem</strong></span> <span class='ocrx_word' id='word_1_468' title='bbox 1546 2602 1680 2634; x_wconf 86' lang='lat' dir='ltr'><strong>locutio</strong></span> <span class='ocrx_word' id='word_1_469' title='bbox 1709 2603 1884 2635; x_wconf 85' lang='lat' dir='ltr'><strong>invenitur</strong></span> 
     </span>
     <span class='ocr_line' id='line_1_45' title="bbox 218 2643 1881 2689; baseline 0.001 -11"><span class='ocrx_word' id='word_1_470' title='bbox 218 2645 317 2686; x_wconf 85' lang='lat' dir='ltr'><strong>Quir.</strong></span> <span class='ocrx_word' id='word_1_471' title='bbox 330 2646 364 2684; x_wconf 80' lang='lat'><strong>2,</strong></span> <span class='ocrx_word' id='word_1_472' title='bbox 387 2644 419 2678; x_wconf 89' lang='grc'><strong>6.</strong></span> <span class='ocrx_word' id='word_1_473' title='bbox 467 2643 567 2678; x_wconf 85' lang='lat' dir='ltr'><strong>Verr.</strong></span> <span class='ocrx_word' id='word_1_474' title='bbox 582 2647 613 2685; x_wconf 87' lang='grc'><strong>2,</strong></span> <span class='ocrx_word' id='word_1_475' title='bbox 630 2645 665 2686; x_wconf 81' lang='lat'><strong>4,</strong></span> <span class='ocrx_word' id='word_1_476' title='bbox 682 2646 727 2679; x_wconf 83' lang='lat'><strong>26</strong></span> <span class='ocrx_word' id='word_1_477' title='bbox 743 2645 816 2680; x_wconf 86' lang='lat' dir='ltr'><strong>init.</strong></span> <span class='ocrx_word' id='word_1_478' title='bbox 865 2646 962 2680; x_wconf 89' lang='lat' dir='ltr'><strong>Curt.</strong></span> <span class='ocrx_word' id='word_1_479' title='bbox 987 2646 1066 2680; x_wconf 78' lang='lat' dir='ltr'><strong>Rus.</strong></span> <span class='ocrx_word' id='word_1_480' title='bbox 1079 2647 1114 2686; x_wconf 83' lang='lat'><strong>4,</strong></span> <span class='ocrx_word' id='word_1_481' title='bbox 1133 2646 1187 2686; x_wconf 88' lang='lat'><strong>16,</strong></span> <span class='ocrx_word' id='word_1_482' title='bbox 1205 2647 1227 2680; x_wconf 81' lang='lat'><strong>6</strong></span> <span class='ocrx_word' id='word_1_483' title='bbox 1244 2664 1289 2670; x_wconf 90' lang='lat'><strong>—-·</strong></span> <span class='ocrx_word' id='word_1_484' title='bbox 1306 2651 1350 2679; x_wconf 75' lang='lat' dir='ltr'><strong>¹et</strong></span> <span class='ocrx_word' id='word_1_485' title='bbox 1379 2647 1473 2679; x_wconf 91' lang='lat' dir='ltr'><strong>idem</strong></span> <span class='ocrx_word' id='word_1_486' title='bbox 1495 2647 1568 2679; x_wconf 78' lang='lat' dir='ltr'><strong>fere</strong></span> <span class='ocrx_word' id='word_1_487' title='bbox 1593 2651 1648 2680; x_wconf 80' lang='lat' dir='ltr'><strong>est</strong></span> <span class='ocrx_word' id='word_1_488' title='bbox 1671 2648 1766 2689; x_wconf 86' lang='lat' dir='ltr'><strong>quod</strong></span> <span class='ocrx_word' id='word_1_489' title='bbox 1789 2648 1881 2689; x_wconf 79' lang='lat' dir='ltr'><strong>‘per-</strong></span> 
     </span>
     <span class='ocr_line' id='line_1_46' title="bbox 220 2690 1883 2734; baseline -0.001 -10"><span class='ocrx_word' id='word_1_490' title='bbox 220 2699 367 2725; x_wconf 82' lang='lat' dir='ltr'><strong>censere</strong></span> <span class='ocrx_word' id='word_1_491' title='bbox 390 2690 630 2724; x_wconf 61' lang='lat' dir='ltr'><strong>numerando)</strong></span> <span class='ocrx_word' id='word_1_492' title='bbox 688 2691 891 2724; x_wconf 80' lang='lat' dir='ltr'><strong>Admodum</strong></span> <span class='ocrx_word' id='word_1_493' title='bbox 926 2696 1046 2725; x_wconf 87' lang='lat' dir='ltr'><strong>autem</strong></span> <span class='ocrx_word' id='word_1_494' title='bbox 1079 2692 1189 2724; x_wconf 89' lang='lat' dir='ltr'><strong>miror</strong></span> <span class='ocrx_word' id='word_1_495' title='bbox 1219 2702 1240 2725; x_wconf 93' lang='lat' dir='ltr'><strong>a</strong></span> <span class='ocrx_word' id='word_1_496' title='bbox 1270 2692 1367 2725; x_wconf 88' lang='lat' dir='ltr'><strong>nullo</strong></span> <span class='ocrx_word' id='word_1_497' title='bbox 1394 2693 1500 2724; x_wconf 88' lang='lat' dir='ltr'><strong>etiam</strong></span> <span class='ocrx_word' id='word_1_498' title='bbox 1522 2693 1712 2734; x_wconf 87' lang='lat' dir='ltr'><strong>interprete</strong></span> <span class='ocrx_word' id='word_1_499' title='bbox 1736 2693 1883 2725; x_wconf 85' lang='lat' dir='ltr'><strong>allatum</strong></span> 
     </span>
     <span class='ocr_line' id='line_1_47' title="bbox 216 2735 1884 2779; baseline 0.001 -10"><span class='ocrx_word' id='word_1_500' title='bbox 216 2747 295 2771; x_wconf 86' lang='lat' dir='ltr'><strong>esse</strong></span> <span class='ocrx_word' id='word_1_501' title='bbox 318 2736 438 2768; x_wconf 88' lang='lat' dir='ltr'><strong>locum</strong></span> <span class='ocrx_word' id='word_1_502' title='bbox 461 2735 671 2768; x_wconf 83' lang='lat' dir='ltr'><strong>simillimum</strong></span> <span class='ocrx_word' id='word_1_503' title='bbox 695 2747 740 2768; x_wconf 89' lang='lat' dir='ltr'><strong>ex</strong></span> <span class='ocrx_word' id='word_1_504' title='bbox 774 2739 934 2769; x_wconf 85' lang='lat' dir='ltr'><strong>oratione</strong></span> <span class='ocrx_word' id='word_1_505' title='bbox 963 2738 1213 2776; x_wconf 83' lang='lat' dir='ltr'><strong>Marcelliana,</strong></span> <span class='ocrx_word' id='word_1_506' title='bbox 1253 2738 1310 2779; x_wconf 90' lang='lat' dir='ltr'><strong>qui</strong></span> <span class='ocrx_word' id='word_1_507' title='bbox 1342 2735 1388 2768; x_wconf 86' lang='lat' dir='ltr'><strong>ad</strong></span> <span class='ocrx_word' id='word_1_508' title='bbox 1420 2737 1695 2770; x_wconf 75' lang='lat' dir='ltr'><strong>confirmandam</strong></span> <span class='ocrx_word' id='word_1_509' title='bbox 1724 2740 1884 2770; x_wconf 76' lang='lat' dir='ltr'><strong>nostram</strong></span> 
     </span>
     <span class='ocr_line' id='line_1_48' title="bbox 213 2780 1881 2826; baseline -0.001 -9"><span class='ocrx_word' id='word_1_510' title='bbox 213 2782 405 2817; x_wconf 83' lang='lat' dir='ltr'><strong>lectionem</strong></span> <span class='ocrx_word' id='word_1_511' title='bbox 427 2787 500 2812; x_wconf 89' lang='lat' dir='ltr'><strong>non</strong></span> <span class='ocrx_word' id='word_1_512' title='bbox 522 2780 607 2814; x_wconf 87' lang='lat' dir='ltr'><strong>nihil</strong></span> <span class='ocrx_word' id='word_1_513' title='bbox 630 2781 733 2816; x_wconf 77' lang='lat' dir='ltr'><strong>affert</strong></span> <span class='ocrx_word' id='word_1_514' title='bbox 753 2782 931 2826; x_wconf 76' lang='lat' dir='ltr'><strong>ponderis.</strong></span> <span class='ocrx_word' id='word_1_515' title='bbox 983 2782 1067 2826; x_wconf 83' lang='lat' dir='ltr'><strong>Ipso</strong></span> <span class='ocrx_word' id='word_1_516' title='bbox 1098 2783 1190 2816; x_wconf 89' lang='lat' dir='ltr'><strong>enim</strong></span> <span class='ocrx_word' id='word_1_517' title='bbox 1220 2783 1258 2816; x_wconf 89' lang='lat' dir='ltr'><strong>in</strong></span> <span class='ocrx_word' id='word_1_518' title='bbox 1290 2782 1390 2816; x_wconf 85' lang='lat' dir='ltr'><strong>initio</strong></span> <span class='ocrx_word' id='word_1_519' title='bbox 1417 2783 1541 2826; x_wconf 86' lang='lat' dir='ltr'><strong>capitis</strong></span> <span class='ocrx_word' id='word_1_520' title='bbox 1565 2783 1710 2816; x_wconf 86' lang='lat' dir='ltr'><strong>secundi</strong></span> <span class='ocrx_word' id='word_1_521' title='bbox 1733 2783 1881 2826; x_wconf 74' lang='lat' dir='ltr'><strong>legimus</strong></span> 
     </span>
     <span class='ocr_line' id='line_1_49' title="bbox 213 2824 1880 2873; baseline -0.001 -9"><span class='ocrx_word' id='word_1_522' title='bbox 213 2829 324 2864; x_wconf 77' lang='lat' dir='ltr'><strong>haec:</strong></span> <span class='ocrx_word' id='word_1_523' title='bbox 357 2824 490 2861; x_wconf 78' lang='lat' dir='ltr'><strong>nullius</strong></span> <span class='ocrx_word' id='word_1_524' title='bbox 515 2828 652 2864; x_wconf 78' lang='lat' dir='ltr'><strong>tantum</strong></span> <span class='ocrx_word' id='word_1_525' title='bbox 672 2829 803 2865; x_wconf 77' lang='lat' dir='ltr'><strong>flumen</strong></span> <span class='ocrx_word' id='word_1_526' title='bbox 825 2834 882 2865; x_wconf 86' lang='lat' dir='ltr'><strong>est</strong></span> <span class='ocrx_word' id='word_1_527' title='bbox 902 2830 1051 2872; x_wconf 78' lang='lat' dir='ltr'><strong>ingenii,</strong></span> <span class='ocrx_word' id='word_1_528' title='bbox 1089 2829 1221 2864; x_wconf 83' lang='lat' dir='ltr'><strong>nullius</strong></span> <span class='ocrx_word' id='word_1_529' title='bbox 1234 2828 1388 2873; x_wconf 54' lang='lat' dir='ltr'><strong>„dicendi</strong></span> <span class='ocrx_word' id='word_1_530' title='bbox 1409 2833 1473 2865; x_wconf 87' lang='lat' dir='ltr'><strong>aut</strong></span> <span class='ocrx_word' id='word_1_531' title='bbox 1494 2827 1669 2864; x_wconf 79' lang='lat' dir='ltr'><strong>scribendi</strong></span> <span class='ocrx_word' id='word_1_532' title='bbox 1692 2831 1794 2863; x_wconf 78' lang='lat' dir='ltr'><strong>tanta</strong></span> <span class='ocrx_word' id='word_1_533' title='bbox 1815 2829 1880 2870; x_wconf 74' lang='lat' dir='ltr'><strong>vis,</strong></span> 
     </span>
    </p>
   </div>
  </div>
 </body>
</html>
