2030 3086
888 23 892 28 .
972 71 1055 175 m.
1337 61 1399 121 ὕ

138 223 851 309 'fflmfimwtoutsmpdt
870 259 974 298 hunc
990 260 1345 313 {fidentissimam
1356 260 1573 304 avim,
1605 264 1658 296 ut
1696 268 1826 297 omnes

167 310 497 365 sub-Qus
520 316 648 362 mnia
673 308 1430 365 meletae-pureum,
1472 314 1827 394 simodonlm

165 370 878 421 mummufonmdmhoeet
1016 399 1019 401 -

899 456 1094 515 cmm

270 536 368 575 ssd
383 540 444 576 me
475 555 534 565 --
575 549 800 589 qumquam
823 550 885 577 me
912 539 1066 589 quidem
1091 539 1244 575 minime
1271 557 1328 566 -
1355 550 1442 576 nam
1471 537 1774 586 cognoscebatur
1802 548 1828 573 a

166 604 230 632 me
253 597 412 642 proptor
437 593 619 631 Pisonum
648 596 867 634 affinitatem
894 608 1008 644 quun
1034 596 1149 643 longe
1175 594 1276 631 hunc
1303 596 1350 632 ab
1379 595 1454 631 hoc
1482 605 1621 643 genere
1644 594 1825 642 coguatio
1881 623 1889 627 -

166 652 335 686 metent
359 650 592 697 musalpini
607 653 800 701 sanguinis
830 652 1049 689 abstulisset
1074 668 1131 678 —
1158 651 1229 688 sed
1256 662 1324 688 vos
1352 651 1610 699 populumque
1628 661 1825 687 remanum

165 708 243 741 non
271 705 581 754 consilio-neque
610 709 847 757 eloquentia,
891 709 996 756 qnod
1028 708 1069 744 in
1106 707 1235 745 multis
1272 718 1386 755 saepe
1414 707 1572 751 accidit,
1616 707 1685 745 sed
1719 705 1829 754 rugi*

91 817 94 820 γ
166 761 446 809 supercilioque
474 763 638 810 decepit.

278 819 312 864 ξ.
348 818 411 862 16.
466 817 512 854 L.
542 819 654 863 Piso,
694 824 784 856 tune
823 830 936 855 ausus
972 830 1012 854 es
1035 819 1116 855 isto
1151 818 1282 862 oculo,
1325 830 1402 854 non
1431 818 1555 854 dicam
1579 819 1657 855 isto
1686 818 1824 860 animo,

165 873 240 909 ista
264 873 402 923 fronte,
430 883 508 908 non
535 875 624 918 vita,
652 879 760 911 tanto
788 875 1004 922 supercilio,
1032 885 1109 910 non
1141 875 1240 910 enim
1257 885 1416 921 possum
1433 874 1569 911 dicere
1579 875 1693 911 tantis
1707 873 1823 910 rebus

166 929 302 976 gestis,
346 940 432 964 eum
466 929 516 965 A.
547 930 708 967 Gabinio
738 932 957 968 consociare
985 931 1144 968 consilia
1181 932 1299 978 pestis
1327 931 1460 966 meae?
1527 930 1614 966 Non
1649 936 1688 966 te
1717 929 1825 965 illiue

166 988 445 1032 unguentorum
471 985 580 1030 odor,
607 998 684 1021 non
712 987 792 1022 vini
818 987 1016 1031 anhelitus,
1046 998 1121 1023 non
1149 987 1254 1022 ftons
1282 987 1486 1023 calamistri
1503 990 1636 1023 notata
1655 984 1823 1033 vestigiis

165 1042 205 1076 in
234 1052 319 1077 eam
346 1041 615 1088 cogitationem
643 1042 857 1080 adducebat
884 1049 927 1080 ut
963 1054 1077 1092 quum
1110 1030 1211 1079 illius
1242 1054 1285 1079 re
1319 1043 1451 1080 similis
1486 1043 1622 1079 fuisses
1636 1069 1646 1085 ,
1687 1041 1823 1079 frontis

166 1096 235 1133 tibi
253 1097 512 1144 integumento
533 1099 582 1134 ad
610 1100 837 1135 occultanda
855 1104 962 1135 tanta
986 1099 1133 1147 flagitis,
1159 1099 1301 1135 diutius
1330 1100 1387 1135 uti
1413 1110 1490 1134 non
1508 1097 1668 1134 liceret?
1727 1097 1823 1134 Cum

165 1153 239 1188 hoc
266 1158 309 1188 tu
338 1155 442 1189 coIre
468 1165 581 1190 ausus
611 1166 651 1190 es
681 1160 724 1191 ut
751 1155 987 1191 consularem
1013 1155 1253 1203 dignitatem,
1298 1159 1340 1190 ut
1372 1156 1429 1190 rei
1465 1150 1642 1201 publicae
1670 1158 1821 1196 sutum,

166 1214 210 1244 ιιι
236 1214 388 1245 senatus
417 1210 693 1254 auctoritatem,
722 1216 765 1247 ιιι
775 1212 886 1248 ..civis
917 1211 1057 1258 optime
1086 1211 1209 1246 meriti
1237 1210 1408 1246 fortunas
1435 1208 1718 1256 provinciarum
1741 1209 1821 1244 foe·

166 1265 256 1300 dere
282 1265 504 1301 addiceres?
547 1266 604 1302 Te
631 1267 799 1311 consule,
827 1267 903 1302 tuis
930 1266 1065 1302 edictis
1084 1272 1124 1302 et
1147 1266 1328 1313 imperiis,
1355 1266 1502 1302 senatui
1521 1264 1654 1313 populi
1676 1263 1821 1300 romani

164 1331 242 1356 nen
269 1325 329 1357 est
354 1320 501 1357 licitum
524 1332 601 1358 non
629 1322 742 1364 modo
773 1323 981 1367 sententiis,
1008 1323 1233 1360 auctoritate
1259 1334 1339 1366 sua,
1369 1322 1438 1358 sed
1465 1333 1513 1358 ne
1541 1323 1649 1358 vultu
1668 1321 1822 1369 quidem

165 1387 210 1412 ac
239 1377 376 1412 vestitu
404 1379 460 1412 rei
486 1378 663 1423 publicae
691 1379 902 1422 subvenire,

278 1432 312 1478 ξ.
348 1431 411 1468 17.
470 1432 671 1480 Capuaene
696 1435 877 1481 putabas,
920 1434 960 1469 in
989 1445 1065 1481 qua
1092 1433 1184 1469 urbe
1210 1432 1443 1469 domicilium
1471 1433 1661 1480 quondam
1689 1442 1818 1479 super-

163 1488 250 1524 biae
275 1488 366 1531 fuit,
411 1490 607 1525 consulem
633 1495 673 1526 te
701 1502 802 1534 esse,
843 1489 956 1526 sicuti
984 1495 1068 1524 eras
1097 1499 1143 1524 eo
1174 1495 1360 1537 tempore,
1401 1501 1448 1524 an
1475 1489 1633 1525 Romae:
1677 1489 1717 1523 in
1745 1499 1822 1535 qun.

165 1543 317 1580 civitate
344 1555 472 1580 omnes
501 1551 588 1582 ante
617 1557 684 1582 vos
712 1547 886 1583 consules
915 1545 1062 1582 senatui
1087 1542 1315 1593 paruerunt?
1372 1545 1432 1581 Tu
1461 1556 1500 1581 es
1529 1556 1642 1581 ausus
1660 1544 1820 1580 incirco

164 1599 348 1636 Flaminio
390 1601 600 1648 productus
644 1614 729 1638 cum
771 1604 847 1639 tuo'
881 1603 947 1638 illo
990 1602 1074 1648 pari
1114 1602 1241 1637 dicere
1283 1612 1432 1648 semper
1470 1606 1509 1637 te
1536 1600 1823 1636 misericordem·

163 1656 304 1693 fuisse?
334 1667 410 1704 quo
435 1658 553 1693 verbo
583 1663 754 1694 senatum
783 1664 896 1707 atque
925 1669 1053 1694 omnes
1080 1657 1201 1694 bonos
1229 1663 1310 1694 tum
1336 1669 1451 1704 quum
1480 1670 1504 1693 a
1529 1657 1660 1705 patna-
1674 1660 1821 1704 pestem

165 1713 405 1759 depulissem,
435 1714 608 1750 crudeles
637 1715 920 1751 demonstrabas
948 1715 1077 1750 fuisso.
1136 1714 1196 1749 Tu
1224 1714 1436 1749 misericors
1466 1724 1526 1750 me
1545 1713 1695 1749 affinem
1714 1718 1821 1759 tuum

165 1779 277 1817 quem
303 1769 468 1806 comitiis
498 1771 573 1808 tuis
599 1772 885 1820 praerogativae
913 1771 1076 1818 primum
1101 1771 1297 1807 custodem
1317 1771 1475 1814 feceras,
1505 1781 1617 1818 quem
1634 1768 1819 1807 Kalendis

162 1825 347 1863 Ianua-nis
374 1827 488 1863 tertio
515 1828 603 1863 loco
631 1829 856 1865 sententiam
882 1839 1060 1874 rogaras,
1097 1828 1345 1863 constrictum
1372 1826 1532 1862 inimicis
1560 1826 1616 1861 rei
1641 1823 1819 1872 publicae

163 1881 375 1917 tradidisti.
411 1878 454 1918 tu
480 1894 604 1919 meum
632 1895 827 1931 generum,
863 1883 1119 1931 propinquum
1147 1888 1270 1927 tuum,
1300 1888 1340 1919 tu
1370 1882 1522 1919 affinem
1547 1887 1673 1927 tum,
1702 1880 1819 1918 filiun

164 1948 296 1982 meam,
326 1938 602 1986 superbissimis
624 1946 663 1977 et
682 1941 950 1980 crudelissimis
969 1939 1095 1977 verbis
1110 1951 1134 1975 a
1152 1939 1310 1987 genibus
1327 1940 1405 1976 -tuis
1423 1939 1636 1986 reppulisti.
1691 1936 1816 1975 Idem-

166 2004 243 2042 que
266 1999 309 2031 ιιι
337 1995 537 2033 clementis
563 2008 609 2033 ac
635 1996 896 2034 misericordia
921 1996 1103 2043 singulari
1141 2003 1256 2044 quum
1277 2007 1356 2043 ego
1385 2008 1460 2032 una
1487 1992 1573 2031 cum
1598 2005 1642 2030 re
1664 1993 1822 2041 public·

163 2060 241 2087 non
268 2050 489 2097 tribunici03
519 2053 589 2090 sed
614 2054 802 2090 consulari
830 2056 910 2091 ictu
937 2052 1207 2096 concidissem,
1246 2058 1352 2089 tanto
1382 2053 1525 2089 scelere
1553 2055 1734 2099 tantaque
1759 2050 1818 2087 in·

163 2109 411 2154 temperantia
436 2109 552 2152 fuisti,
579 2115 623 2146 ut
649 2121 697 2145 ne
725 2122 835 2146 unam
865 2110 1019 2157 quidem
1043 2107 1175 2143 horam
1193 2108 1376 2144 interesse
1394 2114 1567 2155 paterere
1583 2108 1683 2144 inter
1697 2117 1819 2151 meam

162 2169 308 2211 pestem
335 2168 374 2200 et
399 2164 579 2211 praedm
606 2170 726 2210 tuam,
769 2168 902 2204 saltem
931 2167 1021 2202 dum
1049 2165 1324 2201 conticesceret
1347 2165 1415 2201 illa
1440 2164 1658 2201 lamentatio
1687 2168 1726 2200 et
1753 2173 1817 2211 ge-

163 2219 276 2256 mitus
306 2219 423 2256 urbis.

274 2278 310 2323 §.
344 2276 409 2313 18.¹
463 2276 642 2314 Nondum
677 2278 803 2326 palam
838 2278 980 2317 factum
1007 2277 1133 2315 fuerat
1160 2277 1348 2314 occidisse
1373 2288 1455 2314 rem
1480 2276 1674 2326 publicam
1702 2285 1818 2324 quum

163 2331 233 2369 tibi
265 2333 425 2371 arbitria
456 2333 604 2370 'funeris
644 2336 899 2372 solvebantur.
968 2334 1067 2372 Uno,
1096 2334 1305 2382 eodemque
1345 2339 1514 2380 tempore
1558 2333 1692 2369 domus
1734 2342 1819 2368 mea

162 2387 422 2435 diripiebatur,
450 2390 619 2433 ardebat,
648 2390 750 2427 bona
776 2392 826 2428 ad
852 2391 1018 2427 vicinum
1046 2390 1239 2427 consulem
1267 2390 1315 2426 de
1333 2389 1496 2434 Palatio,
1526 2389 1575 2426 de
1598 2387 1817 2426 Tusculano

160 2444 252 2483 item
277 2446 328 2483 ad
357 2445 520 2482 vicinum
546 2446 706 2483 alterum
734 2447 928 2483 consulem
956 2446 1238 2483 deferebantur:
1281 2457 1396 2494 quum
1431 2446 1554 2483 isdem
1585 2445 1712 2493 operis
1739 2443 1817 2480 suf-

160 2500 323 2551 fugium
349 2501 573 2547 ferentibus,
615 2503 750 2539 eodem
792 2503 1002 2551 gladiatore
1041 2503 1187 2546 latore,
1232 2513 1352 2538 vacuo
1393 2514 1471 2545 non
1498 2502 1613 2539 modo
1642 2513 1666 2537 a
1691 2499 1817 2544 bonis,

161 2559 231 2595 sed
259 2560 372 2596 etiem
400 2571 423 2595 a
448 2559 578 2596 liberis
607 2565 720 2608 atque
747 2560 850 2596 inani
878 2559 975 2605 foro,
1003 2560 1136 2608 ignaro
1164 2559 1308 2607 populo
1337 2571 1494 2596 romano
1515 2559 1607 2608 quid
1626 2561 1815 2606 ageretur,

161 2621 297 2655 senam
321 2627 413 2653 vero
444 2628 626 2665 oppresso
654 2621 693 2653 et
719 2617 882 2662 afflicto,
923 2617 1072 2654 duobus
1099 2616 1225 2664 impiis
1253 2616 1482 2666 neferiisque
1506 2614 1725 2653 consulibus
1753 2623 1814 2649 ae-

159 2674 311 2718 rufium,
339 2674 570 2721 provinciae,
599 2674 780 2723 legiones,
806 2674 965 2722 imperia
989 2673 1239 2710 donabantur.

892 2760 985 2816 Gap.
1012 2758 1104 2808 vm„

242 2878 245 2881 .
272 2842 421 2882 Horum
444 2841 647 2881 consulum
673 2842 800 2882 ruinas
828 2853 896 2879 vos
926 2843 1100 2880 eonsules
1127 2845 1253 2878 vestra
1279 2839 1421 2876 virtute
1448 2839 1633 2883 fulsistis,
1671 2845 1815 2874 summa

161 2899 398 2942 &hunorum
424 2902 547 2953 plebis
575 2907 868 2951 praetorumque
894 2900 972 2939 fide
998 2911 1045 2939 ac
1073 2897 1271 2949 diligentia
1298 2896 1535 2935 sublevastis.
