2030 3086
952 114 1033 176 Οἳ

170 250 586 303 ζᾶθζὶϋθωωιινι·
582 258 649 297 et-
650 254 961 306 m}-
965 254 1201 294 veiim
1221 253 1285 292 ιιι.
1309 247 1441 292 iosus
1450 260 1513 292 ιιι
1515 258 1709 302 pius-qua
1723 256 1828 294 οοιιιι

165 294 430 343 mna
437 294 527 349 511¹
516 297 971 343 Ὲιιηισ-ἕιιιιιέωὴωο
977 301 1155 338 meum
1182 304 1260 338 wm-
1280 302 1435 338 mustra
1444 303 1556 336 uem
1576 303 1774 339 helluoni:
1772 304 1826 364 ιιι

166 338 376 394 rm·
404 354 416 391 j
475 355 478 359 ·
535 351 624 385 ‘m
630 346 790 405 affl»
797 346 1126 384 matutimis?
1186 356 1211 369 »-

473 392 560 440 ιιι]
571 389 757 430 ’πίῃ-98η.
780 391 897 437 8,18ε
927 391 1030 429 alter
1041 388 1229 438 unguentis
1252 394 1420 435 affluens,
1441 394 1704 432 calamistrata
1715 402 1828 430 eom

168 437 258 479 58st
270 434 519 473 munimus
537 439 652 481 tenue
669 435 820 473 ferrum
838 434 911 482 ‘quo
933 442 976 474 in
1005 441 1120 474 cinere
1152 435 1327 473 calefacto
1351 440 1549 481 crispantur
1572 435 1706 481 capilli,
1735 439 1832 472 unde

166 480 257 519 ffit
278 481 466 532 tamquam
477 486 573 522 anuli
596 486 658 528 qui
692 485 841 518 cincinni
874 482 1336 527 vocantur.11itorquebat
1360 484 1467 526 igitur
1495 484 1565 518 sibi-
1583 483 1731 527 capilus
1758 483 1830 516 Ga-

162 527 292 569 binius
294 526 432 565 iceuffl
450 522 603 564 ἱιιοΠίοι·
616 532 653 563 e't
676 524 909 564 effeminatior
930 531 1036 574 quam
1058 535 1095 565 et
1115 534 1215 565 aetas
1237 530 1330 564 iliius
1356 534 1391 563 et
1414 530 1490 562 eius
1512 539 1615 571 quam
1634 528 1832 564 sustinebat

167 566 342 619 pestanae
359 566 516 618 δίκιΰιιι
537 576 686 609 ferebat.
692 576 721 610 “A
756 576 896 610 nsunt:
915 577 979 609 cfr.
1002 577 1227 618 Varr.1.ing.
1250 577 1365 610 Latin-
1382 577 1416 641 5,
1435 575 1491 615 29,
1507 575 1570 608 36:
1594 577 1831 634 calamistrum

167 583 349 684 quotide
364 620 546 654 calefactis
564 621 602 654 ιιι
628 623 744 655 cinere
767 622 919 664 capillus
944 626 1101 655 ornatur.
1150 628 1152 631 ’

280 665 493 708 natator-a]
519 666 580 701 cfr.
604 661 723 701 Pison.
749 669 811 708 10,-
829 669 891 701 22·
927 676 1032 711 quum
1053 669 1130 710 ipse
1155 665 1352 709 (Gabinius)
1377 666 1493 699 nudus
1516 666 1552 698 in
1575 665 1738 698 convivio
1760 638 1828 698 sal-

167 713 285 750 tutet,
297 715 416 751 quum
430 711 528 744 illum
552 723 653 745 suum
671 692 896 745 salaminiam
919 717 1089 746 versaret.
1103 711 1233 745 orbem.
1279 712 1400 744 Plane.
1425 710 1482 751 35,
1508 711 1569 743 87:
1601 710 1750 742 saltator
1771 709 1829 741 ille

167 752 339 791 osannae
362 752 497 787 consul.
519 757 566 788 de
590 757 694 789 Dom.
720 757 775 796 23,
787 757 862 788 6οε
894 757 1111 798 Campanum
1133 757 1232 788 illum
1256 757 1437 788 consulem
1460 753 1538 788 oiim
1561 754 1735 787 saltatore
1759 753 1831 786 eol-

166 797 257 842 iega-
286 798 525 834 saltationem
549 805 667 835 autem
688 801 858 835 Romanis
881 801 1013 845 probro
1038 801 1148 834 fuisse
1172 805 1271 843 patet
1295 805 1350 833 ex
1364 805 1452 834 orat
1476 811 1529 843 pr.
1552 800 1698 834 Mareu.
1716 800 1750 840 6,
1768 799 1829 833 13:

167 846 374 878 saltatorem
397 841 552 887 appellat
573 849 612 879 L.
638 848 824 879 Murenam
850 847 972 880 Cato.
999 847 1229 880 Maledictum
1253 850 1325 882 est,
1359 848 1387 877 si
1411 855 1495 877 vere
1525 845 1692 885 obicitur,
1724 845 1829 877 vehe-

165 886 300 922 melitis
321 892 550 922 accusatoris:
581 893 635 924 sin
663 892 773 930 falso,
805 891 967 924 maledici
998 891 1256 924 conviciatoris.
1301 889 1415 922 Nemo
1445 890 1520 921 fere
1551 890 1658 922 saltat
1681 888 1831 929 sobrius,

166 934 234 968 uisi
257 933 350 967 forte
372 934 512 977 insanit,
537 947 652 979 neque
674 937 710 969 in
734 937 921 970 solitudine
945 947 1059 979 neque
1082 937 1119 970 in
1143 936 1304 969 convivio
1327 935 1513 969 moderato
1539 938 1645 977 atque
1667 934 1829 967 honesto.

225 991 235 999 ·
283 980 360 1012 tam
384 988 406 1011 o
435 981 524 1014 tima
546 982 684 1022 virtus]
719 983 768 1013 ita
793 982 869 1013 cod.
893 983 969 1015 Erl.
996 982 1115 1016 Simile
1139 991 1227 1014 vero
1251 980 1377 1013 habes
1387 979 1588 1033 exemplum
1611 980 1706 1024 apud
1730 979 1830 1012 Cice-

166 1031 293 1056 ronem
318 1025 371 1056 12.
433 1024 492 1056 hil.
517 1026 549 1065 5,
576 1027 635 1057 11.
667 1026 822 1058 nondum
847 1030 921 1058 erat
943 1027 1068 1060 vestris
1091 1031 1165 1059 tam
1189 1027 1399 1068 gravissimis
1429 1019 1632 1058 iudiciis..
1657 1025 1829 1058 concisus.

168 1078 239 1111 qua·
261 1068 305 1101 de
329 1075 368 1101 re
392 1069 460 1101 vid.
485 1069 654 1111 Nigelsb.
680 1071 710 1113 ξ.
736 1071 792 1104 93.
817 1071 848 1103 3.
873 1081 954 1113 pag.
980 1072 1057 1105 256.

261 1113 485 1148 Caesoninus
508 1115 740 1159 caucanam]
768 1117 826 1156 „L-
850 1116 934 1150 Piso
957 1114 1105 1150 matrem
1133 1115 1256 1149 habuit
1278 1126 1350 1148 non
1372 1125 1572 1155 romanam,
1604 1115 1667 1148 sed
1689 1115 1829 1148 homine

167 1159 273 1192 Gallo
297 1163 431 1191 natam:
464 1162 521 1201 qui
547 1170 651 1202 quum
674 1161 877 1194 Placentiae
902 1163 1138 1201 consedisset,
1167 1163 1203 1194 in
1228 1170 1306 1193 eam
1330 1162 1507 1193 civitatem
1530 1160 1685 1192 adscitus
1705 1163 1832 1201 postea

166 1205 314 1237 Romam
338 1201 433 1237 venit
458 1209 499 1236 et
515 1205 635 1238 Pisoni
663 1206 880 1246 Caesonino,
914 1209 988 1240 eius
1009 1208 1148 1240 Pisonis
1180 1206 1252 1238 filio
1277 1215 1379 1247 quem
1403 1206 1447 1238 ab
1471 1205 1643 1238 Helvetiis
1665 1204 1833 1237 intel-fec

166 1246 240 1282 tum
265 1248 407 1281 Caesar
429 1250 791 1291 (Be11.Ga11.1‚12)
823 1252 960 1292 scribit,
995 1252 1102 1285 filiam
1137 1252 1357 1284 collocavit!
1382 1252 1539 1284 Manut.
1566 1250 1630 1283 cfr.
1653 1249 1772 1282 Pison.
1795 1249 1829 1288 6,

167 1295 226 1326 14·
251 1294 469 1327 Caesoninus
494 1297 800 1336 semiplacentinus
825 1297 1042 1330 calventius.

278 1338 476 1382 fictamque
499 1340 727 1382 tristatam]
742 1342 819 1373 cod.
842 1340 959 1374 Pith.
968 1343 1163 1383 eodemque
1193 1341 1287 1373 ducit
1316 1341 1487 1381 scriptura
1519 1348 1610 1381 quae
1633 1340 1671 1371 in
1692 1338 1769 1371 Eri-¹
1792 1342 1829 1369 et

164 1384 277 1416 Palat.
307 1392 402 1415 nouo
431 1383 604 1416 invenitur
635 1386 866 1427 ‘victamque’
914 1387 1005 1420 Cod.
1029 1388 1102 1420 Erf.
1135 1384 1358 1427 ‘irritamque'
1389 1385 1452 1417 sed
1475 1383 1751 1426 superscriptum
1775 1386 1829 1414 est

164 1427 383 1470 ‘fictamque’
430 1429 547 1461 Klotz.
573 1430 669 1461 solus
694 1432 801 1464 edidit
825 1431 1049 1473 ‘irritamque'
1075 1432 1170 1473 quod
1192 1432 1322 1471 legitur
1344 1431 1380 1461 in
1403 1431 1546 1471 reliquis
1567 1429 1696 1462 Palatt.
1714 1428 1827 1461 Fran-

165 1473 208 1506 cii
232 1473 331 1514 prim.
347 1473 475 1507 Dresd.
493 1474 609 1526 Vulgo
627 1475 742 1508 editur
766 1476 1033 1518 ‘’versutamque
1059 1487 1104 1509 ex
1120 1477 1290 1509 victorio.
1329 1474 1500 1507 Graevius
1519 1474 1727 1507 Ciceronem
1744 1482 1827 1505 cou-

164 1519 247 1550 iecit
269 1518 450 1560 scripsisse
476 1520 750 1561 ‘mimieamquel

276 1564 612 1640 cognoscendorum
633 1564 833 1610 hominum]
857 1565 1053 1599 insinuandi
1077 1575 1115 1598 se
1139 1566 1176 1598 in
1199 1564 1378 1597 hominum
1400 1563 1562 1596 notitiam
1587 1565 1622 1593 et
1645 1561 1824 1594 familiari-

164 1611 282 1641 tatem.
364 1610 461 1639 otom
1653 1631 1657 1634 .

276 1653 509 1698 praeteriens
528 1654 690 1696 φωνῇ(
694 1657 808 1696 quum’
835 1658 937 1689 deest
958 1657 993 1688 in
1016 1656 1091 1688 Erl.
1117 1655 1181 1689 sed
1204 1654 1336 1686 addidi.

254 1694 478 1738 incultum,
502 1698 695 1731 {eumdum
718 1700 984 1743 maestumque]
1010 1701 1070 1733 cfr.
1096 1700 1247 1740 Sest.8,
1273 1699 1334 1731 19.
1360 1706 1465 1773 quam
1487 1699 1603 1728 taeter
1623 1694 1825 1727 incedebat!

164 1753 270 1786 quam
292 1721 527 1775 truculent’us'
560 1752 664 1783 quam
687 1745 850 1779 terribilis
875 1747 1036 1788 aspectu!
1066 1747 1213 1778 vestitus
1237 1753 1426 1786 aspere..
1452 1741 1579 1784 capillo
1609 1740 1659 1772 ita
1681 1734 1824 1773 horrido

162 1794 222 1822 ut.
258 1787 325 1827 .,9
350 1788 410 1819 21:
444 1788 533 1820 alter
560 1791 691 1823 multos
721 1792 827 1832 plane
856 1793 891 1824 in
923 1801 1044 1824 omnes
1076 1795 1195 1833 partes
1225 1789 1366 1823 fefellit!
1398 1789 1479 1830 quia
1508 1788 1641 1818 tristem
1674 1795 1824 1826 semper,

163 1834 244 1876 quia
258 1833 481 1872 taciturnum,
507 1834 587 1885 quia
603 1834 845 1867 subhorridum
861 1840 969 1876 atque
981 1837 1150 1868 incultum
1165 1835 1342 1872 videbant,
1365 1832 1544 1870 favebant,
1568 1829 1805 1871 gaudebant..

275 1877 522 1918 existimares]
547 1878 583 1909 in
605 1879 679 1910 Erl.
705 1882 872 1922 seriptum
898 1884 952 1912 est
976 1879 1237 1913 ‘existimasses'
1261 1877 1355 1920 quod
1380 1877 1530 1908 correxi.

276 1921 319 1965 ξ
331 1921 384 1954 14.
431 1931 513 1955 cum
536 1923 662 1964 stipite
685 1925 724 1957 in
746 1924 849 1967 foro]
874 1927 926 1958 ita
949 1925 1051 1958 codd.
1075 1925 1149 1957 Erl.
1173 1924 1247 1957 Erf.
1274 1927 1310 1955 et
1334 1922 1440 1954 editio
1456 1920 1666 1954 Heumanni
1702 1920 1822 1963 Vulgo

161 1969 274 2001 editur
304 1968 395 1999 ‘cum
420 1969 536 2010 stipite
558 1969 757 2011 Aethiope.’
802 1972 844 2003 In
872 1971 946 2002 Erf.
977 1971 1116 2012 quidem
1146 1971 1313 2011 scriptum
1343 1972 1397 1999 est
1425 1967 1518 1999 ‘cum
1546 1964 1605 1996 vel
1633 1964 1822 2007 Aethiope'

161 2022 289 2065 stipite’
314 2022 380 2055 sed
398 2026 531 2064 puncta
554 2025 724 2077 apposita.
740 2025 895 2057 indicant
917 2024 1024 2057 verba
1045 2025 1108 2056 illa
1132 2034 1209 2056 esse
1225 2023 1386 2056 delenda.
1418 2022 1460 2054 In
1470 2021 1554 2057 od.
1570 2022 1682 2064 primo
1697 2023 1823 2056 Franc-

159 2069 304 2132 legitur
313 2067 484 2109 ‘JEssope
505 2069 542 2100 in
568 2068 648 2103 edit.
672 2070 785 2111 prima
808 2070 987 2112 ‘Aesopeff
1011 2070 1046 2102 in
1071 2069 1147 2102 cod.
1164 2069 1295 2102 Dresd.
1319 2067 1468 2109 ‘Jexope
1491 2067 1528 2099 in
1552 2067 1693 2102 Oxonn.
1719 2068 1759 2102 C.
1775 2069 1823 2101 X·

161 2112 304 2155 ‘esope.'
350 2112 396 2146 H.
427 2113 496 2144 ‘vel
519 2112 714 2155 Aethiope'
744 2114 785 2146 Τ.
818 2115 983 2157 ‘’aesope.
1029 2115 1192 2156 Denique
1225 2114 1326 2147 abest
1351 2113 1550 2154 ‘Aethiope‘
1583 2124 1605 2146 a
1629 2114 1705 2146 cod.
1730 2114 1822 2147 Pith.

158 2159 284 2200 Itaque
309 2158 392 2198 quin
414 2161 512 2189 recte
536 2160 716 2191 omittatur
740 2169 812 2191 non
837 2160 969 2192 dubito.
1001 2160 1063 2192 cfr.
1093 2160 1212 2192 Pison.
1238 2160 1270 2199 9,
1296 2159 1358 2190 19:
1391 2159 1572 2190 consulem
1603 2159 1823 2200 requirebam

161 2204 219 2247 qui
243 2207 420 2246 tamquam
443 2207 586 2236 truncus
611 2209 717 2246 atque
743 2205 852 2247 stipes
876 2206 904 2238 si
928 2206 1083 2238 stetisset
1106 2205 1212 2238 modo
1235 2208 1359 2246 posset
1388 2203 1561 2235 sustinere
1592 2208 1711 2238 tamen
1742 2207 1822 2237 titu-

158 2250 231 2287 lum
255 2249 468 2282 consulatus.
515 2249 599 2281 Har.
623 2250 729 2291 Resp.
754 2251 787 2290 3,
811 2250 849 2282 5:
878 2250 1037 2292 stipitem
1059 2251 1157 2282 illum
1182 2250 1337 2291 (Aelium
1361 2247 1557 2288 Staienum)
1591 2251 1648 2290 qui
1673 2258 1822 2291 quorum

159 2294 338 2328 hominum
363 2298 457 2327 esset
479 2295 712 2335 nesciremus,
735 2296 801 2327 nisi
825 2305 863 2327 se
885 2296 1052 2342 Ligurem
1075 2296 1151 2343 ipse
1175 2304 1253 2327 esse
1278 2293 1417 2325 diceret.

266 2337 349 2373 eine
370 2337 494 2380 sensu]
520 2349 642 2373 sensus
665 2340 699 2372 h.
723 2340 746 2373 1.
770 2339 863 2372 idem
889 2340 943 2372 est
966 2341 1061 2382 quod
1085 2349 1207 2373 sensus
1231 2337 1434 2371 communis.

270 2384 474 2426 umquem,
506 2383 673 2425 tardum]
709 2384 769 2418 cfr
798 2385 917 2418 Pison.
943 2387 974 2424 1,
988 2387 1039 2417 ⁴:I
1069 2386 1172 2426 pauci
1202 2392 1415 2416 noveramus
1446 2381 1652 2415 tarditatem
1682 2385 1823 2426 ingemi,

158 2432 339 2470 stuporem
359 2427 647 2478 debilitatemque
670 2427 826 2470 linguae.

246 2473 482 2506 inhumanum
505 2468 708 2516 negotium]
733 2475 911 2516 negotium
935 2476 990 2505 est
1007 2471 1225 2505 Graecorum
1247 2470 1407 2515 πρᾶγμα,
1441 2470 1504 2503 cfr.
1530 2472 1548 2504 1
1566 2471 1821 2513 Attic.12,1:

161 2515 312 2568 Τεῦκρις
333 2518 395 2550 illa
416 2518 549 2550 lentum
573 2528 658 2553 sane
681 2521 877 2562 negotium·
920 2517 963 2558 Q.
986 2518 1082 2551 Frat.
1109 2520 1141 2558 2,
1167 2518 1221 2557 13,
1245 2516 1284 2549 6:
1317 2515 1552 2549 Callisthenes
1584 2517 1722 2557 quidem
1743 2518 1820 2550 vul-

157 2564 241 2603 gare
266 2564 302 2594 et
323 2566 446 2595 notum
469 2564 667 2605 negotium,
693 2574 795 2606 quem
819 2563 865 2597 ad
887 2563 1030 2596 modum
1057 2562 1182 2596 Graeci
1205 2561 1341 2603 aliquot
1363 2561 1472 2593 locuti
1493 2564 1583 2594 sunt.

272 2605 401 2649 Cappa
402 2608 586 2653 docemJ„
593 2619 611 2642 e
630 2609 858 2653 Cappadocia
879 2618 1046 2650 magnum
1070 2617 1254 2641 servorum
1275 2606 1452 2640 venalium
1475 2615 1658 2638 numerum
1671 2605 1822 2641 Romam

156 2649 282 2684 adduci
307 2652 424 2684 solere
449 2654 547 2686 testis
574 2659 627 2688 est
651 2654 779 2689 Strabo
803 2656 863 2688 lib.
885 2655 1007 2687 XIV!
1054 2654 1198 2687 Hotom.

268 2694 465 2736 abreptam
494 2698 541 2732 de
568 2697 685 2742 μῆρα
710 2696 914 2741 venalium]
945 2699 1021 2732 Erl.
1056 2696 1279 2732 ‘venialiumss
1317 2696 1379 2728 cfr.
1420 2694 1625 2734 Quintilian.
1651 2697 1685 2737 8,
1715 2699 1751 2739 2,
1781 2697 1820 2731 8·

156 2741 252 2788 quod
282 2749 465 2773 commuue
497 2747 553 2788 est
583 2748 619 2776 et
642 2745 718 2777 aliis
741 2753 873 2777 novum
893 2745 1093 2784 intellectu,
1123 2744 1226 2779 alicui
1247 2741 1297 2774 rei
1321 2740 1545 2781 peculiariter
1567 2741 1752 2775 tribuitur.
1782 2742 1821 2773 ut

155 2785 283 2820 urhem
292 2779 459 2819 mininam
479 2784 667 2829 accipimus
698 2793 733 2822 et
761 2789 904 2822 venales
927 2789 1102 2827 novicios,
1138 2795 1243 2828 quum
1275 2785 1345 2817 sint
1375 2784 1482 2821 urbes
1505 2787 1598 2820 aliae
1621 2796 1760 2829 quoque
1783 2786 1820 2819 et

155 2832 295 2880 venalia
314 2831 435 2867 multa.
481 2831 706 2874 Pison.1,1:
729 2838 833 2867 nemo
844 2830 1016 2881 queritur
1037 2831 1166 2876 Syrum
1187 2830 1308 2864 nescio
1332 2839 1438 2872 quem
1463 2830 1508 2864 de
1533 2831 1640 2875 grege
1663 2831 1819 2865 novicio-

151 2870 246 2912 rt'sm'
253 2871 386 2911 {actum
410 2885 487 2911 esse
511 2878 702 2912 consulem.
749 2877 841 2912 Sest.
866 2878 922 2919 64,
940 2877 1025 2912 134.
1055 2876 1130 2910 ubi
1143 2876 1204 2910 his
1225 2875 1425 2912 venalibus·
1440 2879 1670 2921 opponuntur
1692 2885 1740 2911 ex
1762 2884 1819 2912 es·

153 2922 300 2965 nastulis
323 2923 442 2966 empti
487 2923 589 2958 Ven-
613 2925 647 2966 2,
670 2924 704 2965 5,
725 2924 784 2966 56,
807 2923 890 2959 146ι
913 2923 1059 2959 venales
1079 2922 1238 2966 Asiatici.
