2030 3086
105 154 1244 291 ἦζίῳθοιιιιίι,ιιιιαοιιιιιιιίιειιιιιιιιιιιιιτ,ουΰοιιιιιιιιιι,
1277 234 1819 299 0.0sssn,·mtuasgesta

207 317 523 405 mm]
539 323 629 360 haec
652 328 707 359 est
726 299 833 358 lectio
855 325 1012 368 vulgata,
1036 324 1169 359 codicis
1191 324 1266 358 Βῆ.
1291 325 1328 357 et
1350 322 1517 358 editionis
1535 322 1668 357 Klotzii
1681 326 1710 361 1.

263 366 533 413 em]
564 381 585 404 o
607 370 730 405 codiee
754 368 873 405 ΟΧοιι.
893 371 939 405 Η.
964 368 1159 404 ediderunt
1173 369 1290 404 Nobb.
1314 373 1351 403 et
1371 369 1467 404 mu.
1479 368 1527 404 H.
1826 384 1831 391 ¹

266 414 475 459 madiae]
500 416 602 451 codd.
623 410 709 449 Eri.
720 415 865 450 Emi-t.
879 416 1009 451 trane.-
1028 417 1130 458 prim.
1176 415 1282 449 Barb.
1303 415 1346 448 de
1367 413 1816 459 reost.0ffle.1,17,⁸⁷.

157 468 280 492 omnes
304 460 457 492 omnium
481 462 647 494 caritates
670 460 786 501 patria
808 469 879 492 una
903 462 1087 502 complexa
1110 464 1176 494 est.

266 504 371 537 nobie
393 506 538 539 rtosmet
555 504 672 546 ipsos]
705 505 757 539 ita
787 505 878 537 edidi
903 516 981 538 cum
1005 505 1127 539 Garat.
1148 504 1265 538 Nobb.
1288 504 1383 538 Kltz.
1406 510 1547 567 secutus
1571 508 1816 541 auctoritatem

156 547 285 582 codicis
308 548 383 582 Etr.
428 548 470 581 Ῑιι
494 549 597 583 codd.
620 549 695 583 Erl.
721 553 756 582 et
780 550 898 584 Oxon.
923 548 956 584 Σ
977 551 1077 587 deest
1100 550 1236 584 ‘nobisl

265 594 409 626 nosmet
418 595 528 634 ipsos
554 595 672 637 nobis]
703 596 783 629 lect.
815 597 910 637 vulg.
949 596 1006 629 De
1041 606 1080 629 re
1105 597 1166 630 cfr.
1184 598 1219 637 4,
1244 597 1283 628 8·
1323 595 1352 627 si
1387 604 1445 627 me
1479 564 1561 627 mihi
1597 595 1816 631 reddidisset.

156 639 252 680 Qnir.
264 638 300 679 4,
317 639 356 671 8.
392 637 567 671 nobismet
596 640 681 681 ipsis
710 644 778 674 nos
802 640 1013 675 reddidistis.
1058 642 1218 677 Marcell.
1231 641 1264 681 5,
1282 640 1344 673 13·
1381 644 1512 673 memet
1542 639 1625 672 mihi
1654 641 1817 677 reddidit.

153 683 279 720 norat.
292 684 323 718 1.
348 683 461 727 Epist.
477 685 531 727 14,
551 687 588 719 1.
612 685 695 719 mihi
717 696 773 719 me
796 686 975 721 reddentis
998 688 1115 730 agelli.
1164 686 1245 729 „Sic
1267 686 1364 729 loqui
1389 686 1508 720 solent
1522 690 1660 720 veteres
1685 685 1730 720 de
1752 686 1815 721 lio-

152 732 246 764 mine
269 731 328 772 qui
352 734 397 763 e'x
421 732 542 772 quavis
568 733 766 766 calamitate
789 734 826 766 in
857 742 926 775 qua
949 736 1095 787 periisse
1127 712 1180 766 et„
1198 734 1296 775 quasi
1332 737 1443 766 semet
1470 734 1586 775 ipsum
1615 732 1817 767 desiderare

153 776 344 815 videbatur,
369 785 490 809 rursus
513 781 693 809 recreatus
718 781 754 808 et
776 779 958 810 restitutus
984 783 1038 811 est
1052 780 1089 810 in
1105 779 1315 811 contrariam
1332 780 1494 811 sortem.“
1541 777 1695 812 nurkld.
1711 779 1817 811 Adde

152 820 174 855 3
196 821 653 863 Famil.1o,102patriam
675 822 818 864 liberos,
842 824 996 884 salutem
1015 824 1244 866 dignitatem,
1268 827 1399 855 memet
1418 825 1531 886 ipsum
1553 823 1638 856 mihi
1661 834 1727 866 per
1750 824 1815 859 Cn.

151 865 358 908 Pompeium
381 868 580 899 restitutum
602 872 701 910 puto.
741 893 754 907 Ι

265 910 297 952 ξ.
314 912 346 944 2.
392 915 474 952 post
509 912 653 946 deorum
681 913 870 946 immortak
892 922 1058 946 munera
1070 917 1193 945 orator
1225 912 1394 944 continuo
1418 918 1671 945 commemorat
1691 915 1815 958 populi

152 963 240 988 rom.
264 955 427 988 honores.
475 957 660 997 Quiritium
684 960 775 991 enim
797 963 956 1000 potestas
971 976 1017 983 —·
1032 963 1072 990 ut
1096 959 1181 991 dicit
1204 957 1332 990 Cicero
1357 966 1423 999 pro
1450 957 1490 990 G.
1506 956 1623 991 Babir.
1639 958 1815 994 Pei-duell.

152 1002 185 1040 2,
202 999 224 1032 5
247 1017 293 1023 —-
327 1002 485 1041 proxime
520 1003 566 1034 ad
601 1003 745 1035 deorum
779 1004 929 1035 immort.
963 1013 1092 1035 numen
1122 1002 1268 1035 accedit.
1301 1002 1363 1034 cfr.
1392 1001 1496 1035 noso.
1521 1002 1641 1039 Amet.
1654 1004 1711 1044 47,
1729 1005 1814 1037 130:

151 1046 269 1077 omnia
293 1045 437 1077 deorum
462 1046 656 1087 voluntate,
685 1048 801 1079 studio
825 1048 946 1089 populi
969 1057 1056 1081 rom.
1082 1048 1229 1080 consilio
1262 1050 1297 1078 et
1331 1047 1477 1088 imperio
1514 1050 1577 1079 et
1573 1027 1754 1081 felicit-’stc
1775 1048 1814 1083 1..

153 1089 276 1124 Sullae
299 1095 401 1131 gesta
423 1100 502 1124 esse
525 1093 695 1134 intelligo.

261 1136 488 1175 amplissimo
510 1138 682 1179 coneilio]
723 1137 784 1171 Sic
807 1141 952 1171 senatus
972 1144 1141 1172 romanus
1163 1134 1186 1169 3
1205 1136 1295 1169 Phil.
1320 1135 1374 1176 14,
1398 1136 1444 1168 34
1465 1141 1614 1169 vocatur
1636 1139 1809 1179 amplissi-

149 1190 244 1214 mum
268 1179 362 1213 orbis
386 1184 500 1214 terrae
535 1182 727 1218 consilium.
779 1184 803 1216 4
822 1183 911 1218 Phil.
929 1185 962 1224 6,
988 1182 1049 1215 14.
1083 1182 1133 1216 Μ.
1158 1182 1336 1216 Antonius
1360 1184 1541 1223 senatum,
1577 1181 1613 1215 id
1637 1187 1691 1216 est
1713 1183 1808 1217 orbis

149 1232 267 1260 terrae
291 1227 493 1266 consilium,
529 1229 648 1260 delere
672 1229 787 1270 gestit.
835 1231 854 1262 7
878 1229 966 1261 Phil.
991 1230 1024 1268 7,
1050 1229 1111 1261 19:
1148 1237 1319 1260 summum
1343 1227 1527 1259 consilium
1551 1227 1645 1260 orbis
1681 1231 1807 1263 terrae.

149 1274 168 1305 1
187 1271 292 1305 Catil.
304 1272 339 1311 4,
365 1272 405 1304 9:
429 1272 464 1304 in
487 1273 555 1305 hoc
579 1272 673 1306 orbis
697 1278 813 1306 terrae
837 1275 1056 1306 sanctissimo
1081 1274 1357 1315 gravissimoque
1381 1273 1539 1306 consilio.
1584 1273 1807 1307 Altissimum

149 1321 266 1349 autem
289 1316 436 1370 gradum
459 1317 636 1359 dignitatis
662 1329 741 1351 esse
765 1320 986 1352 consulatum
1008 1318 1189 1351 declarant
1210 1321 1349 1365 praeter
1372 1318 1459 1350 alios
1484 1318 1519 1350 hi
1541 1318 1628 1350 loci·
1663 1317 1756 1354 Sest.
1773 1321 1807 1361 9,

148 1363 209 1396 2οε
233 1371 339 1403 quum
359 1363 389 1393 is
415 1363 552 1402 (consul
576 1365 620 1396 A.
636 1363 820 1404 Gabinius)
844 1366 879 1396 in
903 1365 1072 1396 altissimo
1098 1364 1210 1405 gradu
1233 1357 1369 1404 posi'tus
1391 1366 1495 1396 esset.
1543 1365 1562 1394 1
1582 1363 1675 1398 Phil.
1694 1365 1807 1404 6,14:

146 1404 321 1440 iccircone
355 1417 421 1439 nos
458 1409 610 1449 populus
644 1418 731 1442 rom.
768 1410 930 1441 consules
964 1410 1049 1440 fecit
1070 1413 1109 1440 ut
1131 1409 1167 1440 in
1190 1407 1361 1440 altissimo
1386 1408 1672 1450 amplissimoque
1695 1409 1807 1450 gradu

148 1451 326 1494 dignitatis
348 1451 455 1484 locati
478 1462 557 1485 rem·
577 1453 752 1495 publicam
775 1463 840 1496 pro
863 1454 972 1487 nihilo
996 1453 1229 1486 haberemus?

260 1497 420 1529 omnium
443 1498 663 1539 «liquentum
690 1501 879 1532 terrarum
901 1499 1006 1540 arce]
1039 1500 1088 1531 sic
1112 1499 1229 1531 inveni
1252 1497 1420 1537 scriptum
1443 1498 1479 1529 iu
1504 1498 1627 1541 codice
1642 1498 1716 1532 Eri.
1741 1498 1805 1532 sed

147 1541 261 1574 delevi
296 1541 507 1573 vocabulum
541 1543 771 1581 ‘dignitatum’
808 1544 902 1583 quod
933 1545 1157 1584 glossematis
1187 1543 1341 1583 speciem
1362 1550 1447 1581 prae
1470 1551 1510 1572 se
1533 1543 1612 1575 fert.
1661 1543 1805 1576 cmm

146 1590 264 1619 autem
298 1595 480 1619 romanam
514 1588 708 1630 significare
741 1588 796 1622 his
831 1588 946 1621 verbis
982 1588 1083 1621 nobis
1117 1588 1257 1621 videtur
1280 1590 1401 1619 orator
1423 1591 1573 1630 propter
1594 1587 1696 1622 locos
1719 1588 1803 1623 hos:

145 1632 169 1666 4
185 1631 289 1665 Catil.
308 1633 340 1672 1,
365 1634 401 1665 2:
439 1634 536 1665 curia
558 1640 730 1666 summum
753 1635 919 1666 auxilium
942 1636 1096 1667 omnium
1120 1635 1285 1675 gentium.
1329 1630 1453 1664 Milon.
1469 1633 1526 1673 33,
1542 1634 1609 1666 ⁹02⁷
1635 1635 1805 1676 templum

146 1678 350 1716 sanctitatis,
375 1678 624 1719 amplitudinis,
647 1680 786 1718 mentis,
812 1679 945 1711 consilii
969 1679 1109 1720 publici,
1135 1682 1242 1721 caput
1258 1676 1365 1716 urbis,
1391 1685 1488 1708 aram
1509 1679 1698 1719 sociorum,
1722 1688 1790 1722 por

144 1727 218 1754 tum
242 1722 396 1754 omnium
418 1724 590 1763 gentium,
626 1725 745 1756 sedem
779 1724 822 1755 ab
847 1725 1011 1756 universo
1035 1724 1169 1766 populo
1195 1731 1397 1755 concessam
1422 1722 1481 1754 uni
1506 1723 1635 1765 ordini,
1669 1703 1802 1758 is'assnm-

143 1768 248 1805 mari‚
283 1767 458 1807 exscindi,
494 1768 687 1801 funestari?
735 1767 871 1802 Savels.
895 1773 931 1801 et
956 1770 1014 1802 alii
1038 1769 1085 1802 ad
1107 1768 1229 1801 urbem
1252 1768 1400 1801 Romam
1423 1767 1581 1800 referunt
1602 1771 1663 1802 illa
1683 1769 1803 1810 verba,

145 1817 180 1844 et
216 1822 261 1844 ne
297 1812 366 1844 hoc
397 1813 536 1854 quidem
571 1824 593 1845 a
620 1823 784 1847 sermone
807 1809 972 1847 Tulliano
996 1815 1172 1848 abhorret.
1198 1814 1260 1846 cfr.
1280 1814 1303 1845 4
1321 1812 1425 1844 Catil.
1442 1813 1475 1852 6,
1501 1816 1562 1846 11:
1597 1815 1684 1848 haec
1717 1816 1801 1849 urbs

142 1858 205 1890 lux
228 1857 322 1890 orbis
356 1862 527 1890 terrarum
556 1863 662 1901 atque
694 1867 765 1891 arx
788 1860 942 1891 omnium
974 1861 1139 1901 gentium.
1187 1857 1274 1892 Sull.
1293 1859 1347 1896 11,
1371 1857 1431 1889 33:
1467 1857 1589 1890 urbem
1617 1860 1708 1893 hanc
1741 1861 1801 1894 de-

142 1903 258 1943 nique,
283 1902 402 1934 sedem
425 1905 578 1935 omnium
601 1909 771 1943 nostrum,
795 1913 911 1935 arcem
935 1914 1059 1945 regum
1082 1914 1124 1935 ac
1147 1900 1328 1935 nationum
1347 1904 1557 1943 exterarum,
1581 1905 1715 1939 lumen·
1741 1916 1801 1960 en·-

142 1949 244 1988 tium,
285 1937 495 1981 domicilium
516 1949 663 1992 imperii.
706 1949 763 1982 De
797 1948 971 1982 vocabulo
1004 1949 1154 1990 denique
1185 1948 1275 1981 arcis
1308 1947 1479 1979 translate
1509 1950 1624 1991 posito
1650 1954 1693 1984 cd

141 1997 292 2035 possunt
313 1993 382 2025 loci
411 1993 461 2026 hi·
497 1993 584 2028 Sull.
602 1997 657 2036 28,
682 1995 741 2028 79:
781 1996 992 2027 communite
1029 2003 1250 2027 communem
1279 2001 1396 2024 arcem
1422 1958 1609 2030 lionoprum.
1655 1995 1736 2031 Div.
1763 1999 1800 2030 in

144 2037 274 2072 Caecil.
291 2038 324 2078 5,
351 2039 411 2070 18.
435 2040 523 2072 hacc
546 2041 606 2072 lex
630 2040 768 2072 socialis
792 2044 858 2079 est,
880 2039 948 2071 hoc
972 2041 1025 2072 ius
1049 2040 1230 2072 nationum
1254 2042 1456 2071 exterarum
1473 2043 1539 2082 est,
1562 2041 1654 2074 hanc
1669 2042 1801 2076 habent

142 2093 270 2118 arcem.
315 2084 417 2118 Verr.
435 2087 467 2125 2,
491 2085 524 2124 4,
550 2087 581 2125 8,
608 2086 668 2118 17:
692 2085 800 2117 utitur
821 2084 888 2118 hac
912 2086 1004 2127 lege,
1037 2085 1208 2118 communi
1232 2094 1314 2116 arce
1336 2083 1522 2118 sociorum.

253 2129 348 2160 hunc
368 2127 488 2168 ip‘srmt
519 2129 699 2171 ordinem]
737 2130 815 2162 cod.
846 2131 920 2163 Erl.
955 2135 991 2162 et
1023 2132 1130 2164 lectio
1167 2130 1321 2170 vulgata.
1367 2129 1398 2161 E
1435 2129 1557 2162 codice
1592 2131 1668 2165 Erf.
1693 2133 1800 2166 edidit

142 2172 264 2205 Klotz:
290 2172 392 2205 ‘hunc
419 2174 576 2206 ordinem
600 2174 735 2218 ipsum.'

251 2225 377 2249 sumus
400 2217 540 2252 decr-eu
569 2219 768 2260 honestati]
804 2219 853 2250 sic
887 2219 1056 2251 mendose
1092 2219 1169 2251 cod.
1193 2219 1267 2251 Erl.
1290 2219 1414 2251 Lectio
1438 2219 1599 2261 vulgata:
1634 2222 1798 2262 ,decretis

141 2272 258 2295 sumus
280 2262 484 2296 honestati.‘
534 2263 680 2303 „Verbis
705 2265 872 2305 ‘saepen
887 2264 1108 2297 .honestati’
1132 2274 1204 2296 non
1236 2264 1348 2297 solum
1375 2262 1621 2306 ‘significantur
1654 2273 1797 2301 senatus

141 2308 301 2339 consulta
326 2317 474 2348 quorum
497 2309 626 2340 mentio
651 2309 690 2340 fit
714 2310 745 2350 §.
763 2309 831 2342 24.
867 2311 954 2342 .27.
991 2315 1026 2341 et
1048 2311 1083 2341 in
1108 2309 1258 2342 Sestian.
1283 2319 1332 2342 cc.
1350 2310 1405 2342 60.
1428 2310 1484 2342 61.
1509 2310 1564 2343 62.
1597 2313 1662 2344 sed
1693 2315 1798 2346 etiam

140 2352 210 2384 alia
234 2357 455 2385 ornamenta:
490 2358 530 2386 ut
565 2363 669 2395 quum
704 2355 734 2385 ei
770 2355 904 2395 gratiae
930 2359 1010 2387 sunt
1034 2359 1133 2386 actae
1159 2355 1202 2385 de
1225 2364 1263 2387 re
1286 2354 1427 2395 publica
1450 2362 1682 2399 conservata,
1717 2368 1796 2402 sup-

138 2397 279 2440 plicatio
305 2398 458 2439 decreta,
484 2409 589 2441 quum
614 2400 811 2441 appellatus
834 2404 888 2432 est
908 2404 1010 2441 pater
1033 2400 1200 2442 patriaef‘
1248 2400 1384 2433 Weisk.

251 2445 464 2476 immensum
488 2444 527 2478 et
547 2443 696 2486 infinit]
740 2445 800 2477 cfr.
825 2445 906 2477 Nat.
931 2446 1090 2484 Deonl,
1117 2447 1171 2484 10,
1198 2446 1257 2478 26.
1302 2455 1387 2477 aera
1419 2456 1497 2479 esse
1527 2449 1733 2480 immensum
1762 2454 1797 2482 et

138 2487 319 2521 infinitum.
355 2487 436 2523 ibid.
455 2492 486 2530 1,
511 2491 574 2528 20,
600 2489 661 2521 54·
690 2490 895 2522 immensam
921 2494 956 2522 et
977 2491 1236 2522 interminatam
1259 2491 1544 2533 magnitudinem.
1592 2493 1747 2527 Herenn.
1762 2496 1794 2536 2,

139 2534 195 2573 22,
217 2533 277 2565 34:
302 2535 504 2575 immensae,
529 2534 695 2573 infinitae,
721 2535 971 2567 immoderatae
997 2537 1216 2576 cupiditates.

173 2604 181 2610 .
250 2578 349 2611 vobis
380 2577 584 2622 debeamus]
621 2579 698 2612 cod.
722 2580 795 2613 Erl.
822 2584 856 2612 et
878 2581 958 2613 lect.
990 2581 1082 2618 vulg.
1116 2580 1227 2613 ‘vobis
1252 2580 1429 2613 debemus’
1454 2580 1559 2612 edidit
1582 2580 1691 2614 Klotz
1715 2583 1752 2617 Π
1774 2594 1794 2616 e

138 2619 260 2699 σοιίἐιὶεο
272 2622 427 2698 1{li-aricii.
476 2624 603 2664 „Quod
638 2626 779 2658 omnino
814 2622 981 2667 vulgatae
1011 2627 1150 2659 videtur
1173 2626 1456 2669 praeferendum,
1493 2628 1652 2668 quamvis
1677 2632 1714 2661 et
1733 2629 1796 2662 illa

163 2674 185 2698 ο
235 2669 250 2696 t
288 2669 386 2701 errif‘
434 2669 561 2703 Graev.

137 2675 160 2709 P
249 2711 353 2746 nobes
374 2721 449 2746 uno
471 2716 638 2755 tempore
667 2710 803 2756 omnia]
839 2715 942 2748 codd.
975 2715 1050 2749 Erl.
1081 2716 1213 2748 Erfurt.
1248 2715 1351 2747 editio
1383 2715 1525 2750 Klotzii.
1561 2718 1657 2761 vulg.
1686 2717 1793 2753 lectio

136 2754 250 2789 ‘uobis
272 2758 391 2790 omnia
413 2767 485 2791 uno
508 2757 697 2801 tempore?

248 2802 338 2837 haec
358 2803 473 2846 ante]
491 2803 666 2838 cod.E1-l.
690 2802 789 2836 ‘haec
813 2802 927 2836 antea'
951 2804 1032 2837 lect.
1054 2804 1149 2843 vulg.

246 2846 604 2892 recurreram]
637 2848 715 2881 cod.
736 2848 811 2881 Eri.
836 2851 873 2881 et
894 2849 990 2882 edim.
1013 2848 1152 2887 Nobbii,
1179 2848 1310 2881 Klotzii
1324 2848 1371 2882 11.

249 2890 562 2938 recuperat-imas]
594 2893 644 2928 sic
667 2890 851 2928 effidem
873 2891 995 2928 &arn
1018 2893 1102 2929 wlf.
1125 2892 1261 2929 Weisk.
1284 2894 1364 2943 alii..

1271 154 1290 173 D
