2030 3086
7 89 43 111 ἰ

695 11 775 71 ,μ’
899 0 1123 77 W

187 136 298 212 ”fig
316 141 524 223 ἀνταίίη
567 146 650 201 done
661 146 877 207 contendit‘
894 163 1057 202 ’wolin
1079 147 1161 201 nec·
1174 166 1290 200 minuc·
1316 178 1338 184 ’-

282 210 443 248 meino*
433 214 490 248 τ’..
498 211 652 247 'treet'
674 214 726 248 Et
754 214 916 259 profecto
948 211 1110 247 rhetoris
1127 213 1345 255 sunnonis,
1369 182 1466 260 ιιοιι·
1478 207 1837 259 cmm
1890 199 1897 257 ῥ’

186 257 220 294 Β
318 259 424 301 Ego
447 260 681 294 venemo
703 259 793 294 baec
815 264 908 302 quae
919 257 1050 292 Wolfio
1067 260 1106 292 et
1127 257 1264 299 Baetin
1286 261 1411 300 uotop
1413 266 1476 290 ere
1486 254 1714 326 Q,
1727 261 1771 295 et
1791 266 1855 301 op-

184 298 281 341 *time
297 311 376 338 cum
398 303 694 339 antecedentibus
717 305 909 339 cohaerere
930 311 998 338 nec
1021 312 1116 338 cese
1123 295 1243 341 Tullio
1261 301 1419 346 indigna.
1527 330 1534 336 .
1598 319 1614 336 -.
1696 335 1712 339 .,

452 470 455 472 >
469 434 531 503 Q
810 460 816 465 ·
925 450 1030 491 cap
1054 451 1122 484 11

305 529 346 571 §t
360 531 393 564 3.
438 538 514 563 non
546 527 766 570 optandum]
802 526 950 568 „Talem
983 528 1287 566 immortalitatem
1313 536 1387 562 non
1418 528 1519 561 nefas
1541 536 1620 561 esse
1643 532 1769 571 optare
1790 526 1854 570 1¹9⁹

192 575 280 608 mini
301 574 452 607 libenter
474 574 604 608 Wolfio
629 551 866 609 concedimus.
928 573 1064 607 Verum
1099 575 1183 606 ‘non
1218 572 1422 614 optandum'
1457 562 1584 606 dicitur
1614 571 1703 606 hoc.
1714 573 1796 611 loco
1818 573 1858 612 id

191 619 290 661 quod
312 629 385 652 non
408 623 563 673 oportet,
586 628 658 651 non
682 628 831 652 necesse
854 621 909 652 est
930 621 1051 662 optari
1071 628 1188 662 neque
1210 618 1317 652 aliam
1339 618 1482 662 negatio
1503 619 1576 652 vim
1597 617 1708 653 habet
1726 620 1795 657 nisi
1816 617 1856 652 ut

190 665 413 698 necessitatis
436 664 619 698 notionem
643 665 843 699 excludatf‘
892 663 975 699 Sav.

301 709 642 761 MQJ
667 710 817 743 Wolflus
842 711 995 743 conferri
1001 710 1112 744 ,iubet
1133 710 1235 742 locos
1256 707 1341 741 hos·
1363 708 1483 741 Pison.
1501 709 1535 748 3,
1560 709 1599 740 7·
1637 707 1735 740 mihi
1742 716 1855 751 popu-

187 755 244 787 lus
266 763 355 787 rom.
379 754 566 787 universus
590 755 651 787 illa
673 755 709 786 in
734 756 898 787 contione
921 765 994 788 non
1018 755 1119 787 unius
1143 754 1209 786 diei
1226 754 1508 795 gratulationem,
1532 752 1596 786 sed
1611 752 1857 796 aeternitatem

187 798 561 841 mortalitatemque
586 800 738 832 donavit.
785 799 879 833 Sest.
902 799 959 840 54,
985 801 1068 833 115.
1106 801 1137 832 ei
1160 800 1219 841 qui
1241 807 1431 832 rumore..
1457 803 1494 831 et
1514 799 1636 831 favore
1658 794 1782 840 populi
1804 802 1855 832 te-

188 848 293 877 netur
329 848 365 875 et
389 844 546 885 ducitur,
581 846 743 886 plausum
770 845 1087 885 immortalitatem,
1122 844 1261 877 sibilum
1289 847 1439 876 mortem
1469 843 1581 875 videri
1610 852 1757 880 necesse
1788 847 1857 879 est.

191 888 329 929 Quibus
356 889 448 921 adde
479 890 548 922 loc.
573 889 617 922 de
648 889 742 923 dom.
762 890 818 930 32,
844 890 904 922 86:
948 890 994 922 ad
1022 888 1321 924 immortalitatem
1351 888 1485 930 gloriae
1516 888 1596 930 plus
1627 887 1732 920 affert
1767 887 1856 921 desi-

190 934 353 966 deratum
376 943 454 966 esse
478 943 501 966 a
520 935 592 966 suis
617 933 768 974 civibus,
794 943 899 976 quam
923 935 1065 967 omnino
1089 943 1279 976 numquam
1303 942 1381 965 esse
1404 933 1583 966 violatum.
1628 932 1798 975 Legib.3,
1822 933 1856 974 9,

190 980 251 1011 21:
276 978 373 1020 quod
395 978 497 1011 nobis
520 979 662 1020 quidem
686 981 866 1021 egregium
891 983 927 1011 et
950 979 995 1012 ad
1019 980 1314 1012 immortalitatem
1338 978 1527 1011 memoriae
1549 977 1752 1019 gloriosum.

301 1031 380 1056 me
401 1023 546 1065 adepti]
578 1023 683 1057 codd.
706 1025 782 1057 Erl.
807 1025 880 1058 Erf.
906 1024 1043 1058 Colian.
1068 1028 1104 1057 et
1128 1025 1225 1057 editt.
1248 1022 1479 1063 Lallemandi,
1502 1022 1644 1058 Klotzii.

301 1067 432 1110 adepti
452 1068 546 1111 esse]
593 1069 697 1102 codd.
730 1068 861 1102 Dresd.
883 1069 1041 1109 Francii,
1076 1069 1168 1103 Pith.
1197 1068 1306 1103 Barb.
1338 1067 1479 1102 Oxonn.
1511 1071 1665 1109 quatuor
1695 1071 1731 1100 et
1761 1068 1858 1111 prior

188 1114 338 1147 Veneta.
364 1111 578 1146 Garatonius
602 1113 748 1147 verbum
772 1113 873 1148 ‘esse'
898 1115 1090 1148 rectissime
1115 1115 1228 1147 omitti
1252 1114 1287 1147 in
1320 1114 1445 1147 ceteris
1470 1112 1630 1147 omnibus
1657 1112 1754 1146 libris
1785 1113 1856 1148 edi-

187 1160 233 1192 tis
258 1159 330 1190 iam
359 1158 441 1190 inde
473 1166 495 1189 a
525 1160 683 1193 secunda
711 1161 851 1193 Veneta
880 1160 1087 1192 arbitratur:
1126 1160 1202 1193 fleri
1232 1160 1325 1192 enim
1354 1160 1433 1200 ipsa
1468 1159 1712 1191 collocationis
1744 1160 1857 1193 varie-
1896 1163 1901 1170 ’

186 1207 261 1237 tate
280 1207 495 1246 suspectum.

302 1256 442 1291 quum.
479 1249 742 1291 Aenea-emon]
771 1250 865 1283 Miro
897 1250 1067 1292 deceptus
1091 1259 1213 1281 errore
1238 1248 1388 1282 Wolfius
1410 1248 1518 1280 fidem
1540 1248 1592 1280 his
1616 1247 1732 1281 verbis
1755 1233 1857 1281 abro-

190 1294 290 1335 gavit
322 1292 523 1335 discrepare
548 1303 591 1325 ea
613 1298 711 1326 ratus
737 1305 816 1327 cum
838 1296 879 1327 iis
904 1304 995 1336 quae
1020 1296 1166 1336 legimus
1189 1296 1225 1326 in
1250 1288 1415 1327 Sestiana
1439 1294 1510 1335 (31,
1534 1293 1611 1332 68)·
1648 1293 1859 1335 loquebatur

187 1337 331 1370 liberius
356 1343 511 1373 senatus.
557 1338 668 1371 Nobis
703 1339 813 1372 verba
847 1341 976 1381 optime
1012 1340 1176 1373 videntur
1203 1339 1295 1371 inter
1324 1348 1363 1371 se
1388 1339 1588 1372 convenire.
1632 1339 1860 1393 Loquebatur

189 1383 335 1425 quidem
354 1384 497 1417 liberius
520 1388 664 1416 senatus
688 1384 924 1427 frequensque
948 1386 1104 1418 decrevit
1127 1385 1171 1417 de
1194 1384 1374 1417 Ciceronis
1390 1384 1515 1424 reditu,
1540 1383 1605 1416 sed
1629 1393 1735 1424 quum
1757 1385 1858 1417 minis

190 1432 227 1461 et
241 1432 338 1460 metu
354 1419 522 1462 obsessus
539 1432 719 1461 teneretur
734 1441 756 1462 a
773 1430 968 1471 Clodianis,
992 1431 1087 1463 omni
1102 1431 1238 1462 ratione
1263 1429 1448 1471 impeditus
1473 1432 1527 1461 est
1550 1438 1620 1471 quo
1636 1430 1751 1462 minus
1767 1438 1858 1472 quae

138 1517 142 1519 ,
192 1473 399 1507 decreverat
421 1475 607 1517 rogatione
631 1474 678 1506 ad
701 1476 872 1518 populum
895 1477 1040 1510 ferenda
1064 1476 1294 1508 sancirentur.

302 1519 502 1552 ducentum
524 1519 659 1561 meum]
693 1522 885 1560 „Exsilium
908 1531 981 1553 non
1006 1523 1100 1553 dixit,
1116 1522 1198 1562 quia
1220 1520 1304 1552 nihil
1329 1519 1372 1551 de
1397 1529 1440 1551 eo
1465 1520 1574 1551 latum
1598 1527 1770 1560 umquam
1784 1519 1859 1551 iure

193 1564 271 1603 finit,
300 1567 338 1595 at
362 1565 480 1604 potius
505 1573 641 1596 summa
664 1576 742 1597 cum
766 1566 936 1607 dignitate
961 1567 1080 1598 afuit.“
1129 1565 1236 1597 Peter
1259 1565 1304 1596 ad
1329 1563 1421 1597 Sest.
1438 1566 1492 1604 22,
1517 1564 1572 1597 49.
1609 1563 1670 1596 cfr.
1694 1562 1789 1598 Sest.
1801 1565 1856 1605 28,

189 1608 247 1642 60.
270 1617 371 1650 prov.
397 1609 531 1642 consul.
557 1609 657 1650 §.45.
681 1610 800 1643 Pison.
826 1611 880 1654 ἐξ.
894 1612 948 1644 21.
965 1612 1020 1645 31.
1045 1610 1076 1653 ξ.
1090 1611 1134 1644 63
1151 1627 1196 1633 --
1212 1609 1270 1641 ubi
1297 1609 1473 1651 digressus
1498 1609 1633 1642 dicitur.
1691 1608 1763 1642 Cur
1796 1619 1857 1642 au-

188 1657 261 1686 tem
293 1658 500 1687 constanter
522 1658 630 1696 neget
652 1666 691 1687 se
714 1656 902 1698 expulsum
927 1667 1006 1689 esse
1030 1658 1057 1688 si
1083 1666 1153 1689 non
1179 1665 1224 1686 ex
1249 1654 1431 1695 Sestiana,
1466 1659 1560 1687 certe
1585 1654 1696 1686 disces
1721 1664 1769 1692 ex,
1789 1655 1856 1690 Pa-

192 1698 365 1740 rodon-1,
383 1701 437 1733 27.
464 1700 558 1741 seq.“
606 1700 758 1734 Mueller
779 1701 825 1734 ad
852 1701 944 1735 Sest.
958 1704 1014 1741 22,
1031 1702 1086 1735 49.
1134 1701 1239 1734 Adde
1263 1701 1315 1733 his
1339 1701 1408 1734 loc.
1432 1701 1466 1733 in
1491 1700 1607 1733 Vatin.
1622 1700 1656 1739 3,
1673 1700 1706 1733 6.
1724 1701 1756 1734 7.

300 1753 359 1777 ne
381 1744 560 1786 universi]
592 1746 693 1779 codd.
717 1747 794 1780 Erl.
816 1747 950 1780 Erfurt.
994 1747 1112 1789 Vulgo
1138 1746 1268 1778 editur:
1293 1746 1458 1778 ‘universi
1481 1745 1559 1779 me.’

302 1789 562 1831 revocantem]
597 1790 707 1824 Recte
742 1792 812 1824 hoc
846 1793 1096 1834 interpretatus
1132 1796 1187 1824 est
1222 1790 1516 1824 Osiander:1hr
1550 1790 1635 1823 habt
1669 1789 1770 1822 Euch
1802 1788 1858 1824 fis

182 1834 305 1877 moine
328 1833 644 1876 Zuruckberufung
669 1836 812 1870 erklart.

301 1879 346 1911 1..
358 1879 518 1912 Ninnius
534 1879 766 1923 Quadratus]
792 1880 869 1914 trib.
888 1881 981 1923 pleb.
996 1899 1039 1904 —
1053 1881 1151 1914 euius
1174 1882 1211 1913 in
1229 1879 1409 1913 Ciceronis
1435 1890 1542 1913 causa
1557 1889 1745 1921 numquam
1767 1881 1856 1915 fides

189 1925 373 1964 virtusque
392 1925 667 1956 contremuit—
692 1926 800 1966 (Sest.
813 1927 869 1966 31,
894 1926 952 1965 68)
977 1927 1127 1959 Kalend.
1151 1927 1226 1959 Ian.
1251 1926 1370 1958 retulit
1407 1926 1450 1958 de
1475 1928 1549 1958 eius
1573 1926 1700 1959 reditu.
1753 1926 1856 1959 Com-

189 1973 406 2001 memoratur
433 1970 537 2001 etiam
561 1970 669 2002 Attio.
689 1971 722 2010 3,
748 1973 804 2011 23,
829 1972 862 2003 4.
887 1971 967 2003 ibid.
991 1974 1045 2010 10,
1073 1972 1126 2010 16,
1150 1972 1183 2003 4.
1221 1971 1265 2002 de
1290 1971 1382 2002 dom.
1398 1971 1464 2010 48,
1491 1971 1567 2003 125.
1604 1969 1696 2003 Sest.
1713 1973 1768 2011 11,
1792 1972 1854 2005 26:

193 2015 246 2046 vir
266 2013 460 2047 incredibili
483 2013 564 2055 fide,
589 2016 826 2056 magnitudine
851 2017 968 2056 animi,
994 2017 1192 2049 constantia
1215 2016 1254 2048 L.
1264 2015 1441 2048 Ninnius.

303 2061 343 2092 et
363 2061 396 2091 si
418 2058 610 2100 dimicare]
637 2060 740 2093 codd.
765 2062 838 2093 Eri.
866 2066 900 2093 et
922 2040 1012 2094 Pi'th.
1038 2061 1154 2092 delevi
1179 2059 1247 2093 ‘let

304 2102 528 2137 decernendi
547 2105 716 2144 potestas
738 2102 842 2148 facta
864 2114 939 2138 non
961 2105 1033 2147 est]
1059 2106 1136 2138 cod.
1161 2106 1240 2137 Erl.

302 2148 471 2190 potestas
491 2147 713 2181 decernendi
734 2148 838 2193 facta
860 2159 934 2183 non
957 2150 1029 2192 est]
1056 2151 1133 2184 cod.
1158 2150 1248 2183 Pith.
1273 2152 1364 2181 teste
1386 2147 1532 2182 Beckio.

303 2192 474 2233 potestas
498 2187 601 2234 facta
623 2193 846 2228 decernendi
868 2204 942 2228 non
965 2196 1036 2237 est]
1063 2197 1139 2229 cod
1155 2195 1246 2229 Pith.
1263 2197 1353 2226 teste
1371 2192 1576 2228 Garatonio.
1623 2193 1712 2226 Uter
1735 2204 1856 2228 eorum

188 2247 310 2271 veram
333 2236 433 2268 nobis
462 2236 648 2271 Pithoeani
678 2241 886 2281 scripturam
921 2241 1112 2282 prodiderit
1143 2242 1273 2273 nescio.
1320 2239 1483 2271 Editores
1513 2240 1587 2271 fere
1609 2249 1730 2273 omnes
1754 2242 1856 2274 unius

191 2284 322 2317 codicis
346 2281 486 2314 Francii
509 2283 608 2324 primi
633 2286 877 2319 auctoritatem
903 2287 1013 2319 secuti
1041 2287 1238 2320 ediderunt·
1278 2286 1448 2328 ‘potestas
1474 2285 1683 2319 decernendi
1707 2289 1778 2319 non
1802 2290 1857 2320 est

189 2326 385 2372 permissa)
431 2326 473 2358 In
498 2329 599 2361 codd.
623 2331 696 2364 Erf.
723 2332 858 2365 Colian.
886 2331 1000 2364 Oxon.
1029 2331 1060 2364 Σ
1082 2334 1250 2373 scriptum
1276 2336 1330 2364 est
1354 2332 1524 2372 ‘potestas
1550 2331 1761 2364 decernendi
1780 2341 1855 2363 non

192 2374 266 2406 est.¹
320 2372 520 2406 Genuinam
543 2374 650 2414 igitur
672 2377 860 2408 lectionem
885 2386 974 2409 unus
998 2376 1101 2411 nobis
1124 2378 1279 2409 servavit
1301 2376 1447 2417 Erlang.

302 2425 373 2461 per
393 2424 478 2450 eum
516 2418 702 2452 tribunum
729 2421 840 2463 pleb]
881 2423 957 2462 quis
992 2422 1241 2463 intelligendus
1275 2423 1319 2454 sit
1355 2421 1512 2455 tribunus
1547 2431 1672 2463 parum
1707 2425 1855 2455 constat.

190 2464 371 2497 serranus
397 2463 510 2502 enim,
547 2463 714 2504 wolfius,
749 2465 887 2500 Savels.
934 2467 974 2499 P.
1002 2467 1387 2508 Clodimintelligmt
1411 2471 1449 2498 ut
1472 2467 1637 2499 ‘alienum
1659 2466 1786 2499 scelus'
1810 2468 1856 2499 sit

189 2510 328 2542 Pisonis
354 2511 390 2538 et
412 2506 551 2539 Gabinii
576 2517 666 2540 coss.
691 2510 727 2540 in
752 2520 839 2562 quos
866 2511 991 2544 Cicero
1017 2521 1123 2552 saepe
1154 2512 1353 2552 primariam
1385 2510 1523 2552 culpam
1555 2511 1692 2543 confert
1716 2512 1854 2545 calami-

191 2554 273 2585 tatis
298 2553 414 2584 suae“
464 2552 627 2584 Klotzius
653 2558 775 2586 contra
795 2556 871 2587 iure
895 2556 1030 2588 monuit
1054 2556 1121 2588 hoc
1147 2557 1261 2588 scelus
1286 2554 1331 2587 ad
1356 2557 1521 2589 consules
1552 2556 1631 2588 ideo
1655 2565 1727 2589 non
1748 2564 1856 2598 posse

188 2598 387 2641 pertinere,
425 2597 520 2638 quod
542 2596 579 2629 hi
604 2603 729 2639 quarto
755 2599 891 2633 demum
917 2603 1030 2643 capite
1053 2603 1258 2634 nominatim
1282 2605 1610 2635 commemorantur.
1656 2601 1749 2637 Tum
1772 2610 1855 2633 con-

190 2643 285 2676 cedit
307 2640 457 2674 Wolfius
490 2642 676 2681 „ordinem
704 2654 823 2677 rerum
850 2647 885 2678 in
916 2645 1079 2679 Sestiana
1110 2647 1301 2679 relatarum
1325 2647 1453 2679 ducere
1477 2656 1542 2679 nos
1566 2646 1624 2679 ad
1633 2646 1776 2681 Aelium
1797 2645 1855 2686 Li-

189 2697 313 2731 gui-em
338 2684 453 2719 clodii
478 2688 591 2719 scelus
614 2690 868 2724 intercessione
903 2701 967 2724 sua
997 2691 1255 2726 adiuvantem.“
1313 2692 1455 2726 Aelium
1487 2692 1594 2733 igitur
1626 2701 1649 2724 a
1680 2682 1855 2729 Cicerone

188 2732 377 2777 significari
401 2735 600 2764 statuerunt
621 2736 836 2770 assentiente
859 2737 1073 2770 Drumanno
1092 2737 1138 2771 Π.
1161 2747 1243 2791 pag.
1257 2737 1335 2772 278.
1380 2737 1604 2772 Hotomanus
1629 2739 1666 2768 et
1680 2735 1852 2770 Klotzius

299 2785 380 2812 rem
400 2776 587 2819 publicam
609 2780 794 2823 lacerare]
819 2782 900 2816 vide
925 2791 1115 2817 excursum
1136 2784 1297 2825 primum.
