2030 3086
911 35 1010 199 ιι

469 269 472 273 ,
507 229 624 274 ’Μ
648 231 789 285 Weiskig
804 239 830 274 ρ
843 231 982 276 ,Etr-sne.
992 231 1108 275 prim.
1128 229 1238 272 Bas-b.
1258 232 1411 273 utraque
1433 228 1574 275 venet,
1584 233 1621 262 et
1640 215 1778 266 mnni-

575 276 636 320 σε]
668 277 788 319 recepi
814 275 907 319 liene
935 276 1127 319 lectionem
1159 269 1339 318 vulgatam
1373 271 1504 311 contra
1524 268 1780 314 auctoritatem

349 283 446 357 Ϊέκί.
461 322 521 361 ιιι
531 321 670 364 quibus
674 315 876 364 scriptum
886 324 956 354 est:
993 320 1110 364 ‘quam
1139 330 1224 353 vero
1259 320 1419 354 dixerat-³
1464 318 1523 363 [In
1545 320 1623 353 Erl.
1644 320 1779 354 inveni.

239 354 426 399 odiit...
381 380 427 387 —
449 366 560 408 ἀιιιιῐὲ
580 376 630 397 =
651 365 845 411 dixer-eti]

226 410 341 454 sua]
361 412 412 446 ita
434 413 534 456 solun
555 412 645 453 qod.
657 408 732 445 Erl.
755 408 885 454 Vulgo
897 410 1035 446 editur·
1060 413 1101 445 ‘si
1123 410 1233 449 illud-⁷

175 490 182 493 ,
227 447 272 489 ἰιι
294 465 337 490 rc
363 448 518 500 postica
454 453 689 500 παίνεται]
721 458 773 489 ita
803 457 912 491 solius
942 457 1017 489 Erl.
1047 456 1198 490 lectione
1235 455 1367 497 optime
1397 458 1541 487 sanetur
1576 454 1632 489 hic
1666 456 1778 493 locus.

120 501 237 544 Vubgo
262 504 367 541 enim
377 502 490 539 editur
509 502 559 534 ‘in
582 510 622 535 re
645 501 742 543 publ.
751 511 832 534 ιιοιι
853 501 979 534 fuerat’
1004 512 1109 543 quam
1132 502 1359 543 negationem
1382 500 1589 571 perplexam
1612 511 1690 534 esse
1715 512 1779 544 op-

122 549 205 581 timo
227 548 305 581 iure
311 549 537 586 mtuerunt
553 545 701 580 Wolfius
725 550 762 579 et
781 543 946 583 Beckius

230 595 278 632 eff
288 591 504 633 propr-itud
536 592 586 624 sic
609 593 687 627 cod.
711 593 786 627 Erl.
812 593 894 625 lect.
919 593 1012 635 vulg.
1037 594 1090 625 ‘ac
1109 590 1309 637 proprium!

226 633 362 678 fumet
381 636 562 687 ἱζιῦωᾰοιιε]
597 638 647 669 ita
678 638 780 670 codd.
810 638 886 671 Erl.
914 638 990 669 Erf.
1020 637 1149 669 Dresd.
1178 632 1299 668 Lamb.
1332 645 1422 667 unus
1444 634 1656 667 Maffeianns
1687 632 1783 678 apud

121 681 257 715 Manat.
280 681 371 714 Aliis
394 680 430 711 in
453 680 557 713 codd.
581 683 748 724 scriptum
774 686 827 715 est
859 683 941 714 ‘non
964 681 1131 714 inimicus'
1161 680 1253 713 unde
1280 679 1450 714 Gau-aton.
1482 680 1633 712 coniecit
1663 679 1781 713 ‘homo

118 724 297 768 inimicus?
343 725 465 761 Lectio
488 724 633 767 vulgata
655 726 801 760 ‘unicus'
825 726 918 759 unde
942 727 1055 768 petita
1077 728 1122 759 sit
1145 736 1218 758 non
1242 729 1350 767 patet.
1398 725 1507 758 Recte
1526 725 1784 758 damnaverunt

120 782 199 808 eam
220 762 371 809 Εῐιιθιῐ.
380 770 493 804 Beck·
519 771 652 804 Weisk.
701 773 774 805 Sed
805 782 919 812 neque
950 782 1039 814 opus
1071 776 1125 803 est
1153 775 1192 801 nt
1214 772 1380 811 Ernestio
1411 776 1556 802 auctore
1585 771 1780 824 scribamus

120 815 240 848 ι’.ιιιιιιι
256 824 371 857 neque
394 815 589 851 eiciendum
612 817 750 849 videtur
772 817 955 856 ,inimicus‘
980 816 1075 857 quod
1098 815 1211 847 voluit
1234 814 1423 847 Weiskius.

231 856 352 906 suerit
372 862 410 894 ln
432 869 488 894 me
511 860 780 905 conservando]
806 861 884 896 cod.
908 862 984 897 Eri.
1011 866 1046 895 et
1067 862 1174 895 lectio
1199 861 1293 903 vulg.

231 910 271 940 iu
293 915 349 941 me
371 909 621 940 conservando
643 906 775 949 suem]
800 919 819 940 e
843 909 922 940 cod.
947 910 1080 940 Erfurt.
1106 907 1212 939 edidit
1234 906 1409 939 Klotzius.

230 951 424 982 auctorem
437 950 457 990 1
456 951 551 982 uisse
564 951 896 994 asmptoremque]
919 956 1064 991 „auctor
1081 952 1147 982 fuit
1166 960 1271 992 quum
1287 949 1361 982 eius
1376 948 1585 981 sententiam
1599 947 1659 990 alii
1673 948 1785 980 secuti
1828 958 1836 965 ·

120 999 211 1030 sunt.
223 995 397 1036 ascriptor
408 1003 514 1036 quum
523 1004 590 1036 pro
605 1004 703 1027 more
714 1005 842 1029 nomen
850 998 924 1030 eius
932 999 969 1031 in
979 996 1232 1040 perscribendo
1245 997 1284 1030 S.
1285 995 1332 1028 C.
1341 998 1591 1038 apponeretur.
1597 995 1614 1012 ⁸
1637 982 1781 1027 Hotom.

233 1040 264 1081 ξ.
290 1042 342 1073 lo.
389 1041 464 1072 duo
487 1040 683 1081 consulem]
732 1041 825 1079 Quin
848 1051 933 1074 veru
962 1044 1006 1074 sit
1036 1043 1125 1073 haec
1155 1043 1329 1081 scriptura
1354 1049 1458 1079 quam
1483 1048 1604 1069 omnes
1635 1048 1779 1079 recepe-

120 1089 202 1118 runt
225 1083 396 1124 editores,
432 1092 505 1115 non
528 1082 660 1116 dubito.
708 1083 812 1123 Quod
836 1086 926 1118 enim
948 1087 984 1118 in
1009 1085 1112 1118 codd.
1136 1086 1210 1118 Erl.
1232 1083 1354 1117 Lamb.
1378 1083 1548 1117 Palatinis
1572 1083 1708 1125 aliquot
1729 1083 1782 1118 in-

120 1131 258 1165 venitur
281 1128 325 1162 ‘ii’
350 1129 408 1169 vel
432 1127 619 1161 ‘hil’·recte
643 1131 779 1163 monuit
800 1131 989 1165 Lambinus
1012 1137 1126 1165 ortum
1152 1142 1229 1165 esse
1253 1140 1298 1164 ex
1321 1134 1408 1162 nota
1436 1128 1667 1162 numeraliu.
1711 1128 1783 1164 ‚Ve-

121 1185 200 1209 rum
229 1175 322 1208 idem
353 1175 481 1206 erravit
513 1174 739 1206 vehementer
769 1178 863 1216 quod
895 1178 1024 1209 delevit
1054 1177 1262 1211 vocabulum
1293 1174 1490 1207 ‘consules.’
1536 1173 1669 1207 Parum
1691 1174 1783 1205 enim

125 1220 337 1253 existimavit
359 1218 423 1251 sibi
449 1222 612 1251 constare
637 1219 843 1253 Ciceronem
869 1223 926 1263 qui
952 1222 1096 1254 eosdem
1118 1221 1274 1254 homines
1298 1219 1405 1252 modo
1435 1218 1632 1261 appellaret
1657 1227 1782 1251 consu-

120 1268 190 1306 les,
214 1265 319 1298 modo
344 1274 423 1297 esse
445 1268 603 1305 negaret.
652 1266 783 1298 Wolfio
808 1272 933 1299 contra
954 1278 1026 1300 non
1049 1262 1099 1300 ita
1122 1272 1245 1299 acutus
1268 1267 1376 1298 fuisse
1401 1265 1617 1296 declamator
1634 1263 1781 1297 videtur.

79 1346 83 1353 ‚
120 1311 255 1344 Neuter
279 1315 397 1342 autem
420 1319 540 1341 verum
567 1310 667 1342 vidit:
703 1312 821 1351 priore
847 1313 938 1344 enim
961 1315 1041 1345 loco
1067 1312 1185 1353 utique
1210 1314 1351 1353 poterat
1374 1310 1500 1342 Cicero
1527 1310 1690 1341 consules
1720 1318 1783 1350 ap-

119 1355 253 1398 pellare
277 1365 338 1388 eos
363 1354 422 1396 qui
446 1363 467 1386 a
489 1355 623 1396 populo
646 1364 795 1389 romano
820 1358 982 1394 consules
1004 1359 1091 1391 faeti
1114 1362 1231 1398 erant,
1255 1356 1313 1388 ubi
1335 1364 1420 1387 vero
1446 1363 1566 1388 eorum
1590 1352 1724 1396 flagitia
1747 1356 1783 1386 et

121 1401 258 1435 scelera
279 1400 484 1443 perstrinxit
506 1401 581 1432 iure
605 1403 719 1453 potuit
742 1412 884 1444 negare.

230 1447 366 1480 mentes
387 1445 583 1487 anau-ctae]
607 1447 642 1478 in
667 1447 745 1478 cod.
768 1449 842 1480 Erl.
866 1450 985 1481 inveni
1008 1451 1154 1481 ‘mentes
1179 1445 1388 1489 angustatess

232 1489 389 1531 parvae]
427 1489 730 1524 codd.Er1.Erf.
754 1493 859 1526 Barb,
883 1494 1011 1526 Palatt
1037 1495 1152 1527 Ursini
1178 1498 1212 1525 et
1236 1492 1331 1524 editt.
1356 1492 1497 1523 Ernest.
1523 1488 1633 1522 Orell.
1658 1488 1777 1521 Klotz.

233 1534 389 1576 pravae]
431 1535 531 1566 codd·
566 1536 706 1570 Oxonn.
744 1539 859 1579 „apud
890 1540 1096 1575 Ciceronem
1131 1539 1307 1581 posterius
1343 1536 1560 1577 praeferrem
1596 1535 1672 1566 sine
1708 1533 1783 1567 ulla

122 1580 348 1614 dubitatione.
355 1582 370 1598 ‘⁴
419 1581 520 1612 Haec
544 1581 702 1614 wolfius·
718 1593 822 1623 quem
845 1586 956 1617 secuti
979 1589 1061 1617 sunt
1083 1584 1191 1618 Beck.
1219 1581 1353 1617 Weisk
1379 1581 1501 1614 Garat
1526 1579 1628 1612 Crus-

235 1625 392 1659 tenebra
414 1634 460 1662 ac
481 1626 668 1668 sordibus]
694 1628 860 1660 tenebrae
885 1634 966 1661 sunt
988 1632 1073 1662 vitia
1090 1630 1305 1667 intellectus,
1328 1627 1543 1668 ignorantia,
1569 1633 1685 1656 error:
1709 1632 1784 1656 sor-

124 1670 443 1748 dlffissmentisdsunt
465 1671 548 1702 vitia
572 1673 794 1705 voluntatis.ss
840 1675 985 1707 Hotom.
1011 1676 1072 1708 cfr.
1095 1675 1215 1708 Pison.
1240 1673 1296 1712 26,
1321 1672 1379 1705 62:
1415 1681 1437 1703 o
1461 1669 1651 1702 tenebrae!
1685 1678 1707 1700 o
1731 1669 1783 1701 lu-

123 1720 137 1747 t
237 1726 258 1748 o
281 1724 341 1748 sor
367 1725 404 1747 es

234 1759 387 1800 intueri]
418 1759 505 1791 haec
538 1763 591 1791 est
623 1760 728 1792 lectio
760 1763 890 1802 vulgat.
923 1767 959 1794 et
990 1764 1119 1795 codicis
1143 1764 1356 1803 Er1.quam
1387 1760 1563 1792 damnavit
1587 1759 1783 1791 Turnebus.

125 1804 235 1837 ‘tueri’
261 1804 362 1836 codd.
389 1803 543 1836 Turnebi
568 1809 602 1835 et
624 1807 839 1838 Lallemandi
862 1808 970 1848 idque
991 1809 1262 1849 praeferendum
1294 1808 1393 1838 duxit
1415 1806 1503 1837 Lali.
1536 1805 1618 1836 Duo
1643 1803 1798 1845 potissi-‘

81 1883 83 1887 Δ
123 1861 217 1885 mum
239 1850 276 1881 iu
299 1848 433 1881 duobus
460 1850 659 1882 consulibus
684 1851 727 1882 ab
753 1857 896 1884 oratore
920 1854 1165 1894 vituperantur
1189 1854 1271 1884 vitia
1294 1859 1405 1892 aeque
1430 1851 1620 1890 conspicua
1644 1854 1680 1880 et
1699 1859 1782 1881 con-

124 1895 230 1928 sulari
254 1904 405 1936 persona
429 1904 540 1936 aeque
563 1895 720 1937 indigna:
751 1899 934 1938 angustiae
957 1900 1109 1939 pectoris
1135 1903 1169 1929 et
1192 1907 1330 1929 morum
1355 1896 1489 1928 sordes.
1537 1894 1700 1927 infinitivi
1724 1894 1784 1926 de-

122 1938 204 1974 iude
228 1950 307 1973 cum
332 1940 617 1975 antecedentibus
642 1943 847 1974 accusativis
870 1944 919 1975 ita
942 1944 1024 1975 mihi
1049 1944 1209 1976 videntur
1225 1941 1392 1983 iungendi
1412 1945 1449 1972 ut
1465 1942 1594 1982 primus
1612 1941 1786 1972 referetur

123 1985 169 2018 ad
193 1984 321 2018 nomen
346 1986 569 2026 consulatus,
596 1986 684 2018 alter
708 1986 753 2018 ad
776 1988 1001 2029 splendorem
1023 1989 1114 2021 illius
1139 1989 1299 2029 honoris,
1331 1987 1377 2019 ad
1400 1986 1675 2029 magnitudinem
1698 1985 1788 2019 tanti

123 2032 258 2074 imperii
280 2033 415 2065 tertius.
463 2032 652 2072 Quaeritur
673 2034 791 2074 itaque
817 2035 899 2075 quid
922 2037 967 2068 sit
991 2036 1128 2070 ‘intueri
1152 2045 1279 2067 nomen
1312 2033 1525 2066 consulatus’
1557 2033 1640 2074 quid
1674 2030 1787 2064 ‘tueri'

126 2081 162 2109 et
186 2082 267 2108 utra
289 2077 420 2108 locutio
444 2077 524 2108 huic
547 2078 627 2108 loco
652 2079 774 2109 melius
800 2082 996 2112 conveniat.
1044 2081 1184 2112 Nomen
1209 2080 1410 2111 consulatus
1433 2079 1562 2110 intueri
1586 2081 1640 2109 est
1670 2079 1786 2109 animo

123 2125 287 2164 reputare
318 2121 401 2174 qnid
431 2120 493 2153 sibi
526 2122 610 2153 velit
641 2122 707 2154 hoc
737 2133 879 2157 nomen.
925 2126 1032 2157 Tneri
1061 2130 1176 2158 autem
1199 2126 1274 2157 fere
1297 2124 1390 2155 idem
1416 2127 1469 2155 est
1494 2122 1588 2164 quod
1612 2125 1786 2155 sustinere

124 2171 230 2208 atque
253 2167 392 2208 saepius
416 2166 504 2199 haec
528 2167 635 2198 verba
665 2169 759 2209 apud
796 2169 1004 2203 Ciceronem
1032 2171 1178 2212 legimus
1210 2171 1404 2202 coniuncta.
1442 2169 1503 2200 cfr
1538 2168 1661 2201 Rabir.
1682 2167 1786 2200 Perd.

126 2212 189 2251 15,
211 2213 272 2244 41:
308 2213 396 2243 tueri
429 2216 464 2242 et
494 2213 667 2243 sustinere
698 2214 920 2247 simulacrum
950 2216 1118 2256 pristinae
1155 2215 1343 2257 dignitatis.
1393 2216 1412 2245 2
1436 2216 1524 2253 Agr.
1556 2215 1594 2252 2,
1620 2214 1662 2244 5·
1698 2213 1788 2244 tueri

125 2256 355 2293 consulatum.
401 2256 640 2290 Praeferenda
662 2257 763 2290 nobis
788 2259 925 2292 videtur
947 2261 1044 2302 prior
1066 2262 1198 2293 locutio
1225 2270 1301 2292 cum
1321 2259 1364 2291 ob
1386 2259 1564 2290 raritatem
1588 2262 1661 2289 tum
1680 2267 1787 2300 prop-

125 2307 179 2335 ter
201 2303 370 2335 maiorem
394 2312 497 2344 quam
521 2303 722 2340 consulibus
745 2307 901 2346 aspergit
921 2307 1156 2347 ignominiam.
1193 2306 1267 2338 Sed
1290 2315 1334 2336 ne
1358 2305 1471 2336 altera
1495 2303 1636 2346 quidem
1654 2304 1787 2336 locutio

126 2347 169 2380 ab
193 2347 261 2380 hoc
284 2348 365 2381 loco
391 2348 567 2380 abhorret.
607 2348 725 2387 Quare
751 2350 855 2381 etiam
880 2351 1000 2384 Garat.
1027 2355 1061 2383 et
1085 2350 1232 2384 Wolfius
1257 2350 1430 2382 difficilius
1453 2349 1534 2382 rati
1544 2350 1635 2381 inter
1657 2355 1787 2382 utram-
1828 2355 1836 2361 ⁸

125 2403 194 2447 que
219 2392 408 2436 diiudicare
431 2404 506 2426 rem
528 2395 564 2426 in
587 2394 701 2426 medio
722 2395 950 2436 reliquerunt.
986 2397 1161 2430 Weiskius
1178 2406 1263 2429 vero
1282 2396 1370 2428 haec
1390 2395 1488 2427 dicit:
1513 2395 1624 2427 verba
1647 2397 1787 2427 ‘nomen

123 2439 238 2481 ipsum
262 2438 475 2472 consulatus’
502 2440 710 2481 reponenda
733 2445 814 2473 sunt
837 2447 920 2495 post
943 2442 1089 2475 verbum
1111 2443 1258 2484 imperii.
1306 2442 1398 2473 Nam
1423 2446 1458 2473 et
1480 2451 1544 2484 per
1568 2451 1606 2473 se
1630 2442 1787 2472 ultimum

125 2484 242 2522 locum
274 2495 449 2528 occupare
481 2485 611 2518 debent
642 2487 723 2526 quia
753 2488 996 2528 gravissimum
1021 2493 1075 2520 est
1095 2488 1178 2520 illos
1199 2497 1243 2519 ne
1268 2497 1398 2519 nomen
1422 2488 1561 2528 quidem
1585 2487 1788 2518 consulatus

127 2529 251 2570 mttere
275 2532 449 2573 potuisse·
475 2535 510 2564 et
531 2534 677 2573 propter
701 2533 860 2565 ordinem
884 2543 953 2576 quo
979 2539 1096 2567 cetera
1119 2534 1210 2566 inter
1228 2542 1266 2566 se
1284 2534 1496 2565 referuntur.
1519 2541 1597 2564 nam
1618 2530 1789 2572 splendor

123 2573 174 2617 ill.
197 2573 322 2607 honor.
345 2577 500 2618 pertinet
523 2577 570 2609 ad
591 2578 748 2618 primum
761 2580 901 2621 intueri,
925 2580 1050 2612 deinde
1074 2579 1264 2621 magnitud.
1289 2583 1376 2610 tant.
1395 2580 1513 2619 imper.
1531 2576 1578 2608 sd
1595 2576 1789 2608 secundum

125 2614 309 2659 sustinere,
334 2622 474 2652 tertium
497 2631 590 2652 nom.
614 2623 679 2662 ips.
706 2625 878 2655 consulat.
903 2625 948 2658 ad
971 2629 1187 2667 postremum
1211 2625 1371 2666 capere-⁸
1410 2622 1506 2653 Talis
1531 2625 1649 2653 tutem
1673 2626 1787 2654 tram·

125 2665 256 2708 positio
278 2664 380 2698 nobis
403 2675 475 2697 non
497 2667 696 2699 necessaria
720 2669 867 2700 videtur.

172 2745 177 2747 .
242 2718 310 2744 nec
329 2705 530 2752 casana-e]
550 2712 624 2744 cfr.
649 2713 668 2743 7
692 2713 781 2746 Phil.
804 2716 838 2754 2,
863 2714 900 2747 5.
931 2725 970 2760 se
993 2716 1059 2757 ipsi
1082 2716 1201 2748 dicunt
1225 2699 1427 2752 consulares
1452 2722 1522 2753 quo
1547 2713 1689 2745 nomine
1715 2712 1787 2754 dig·

127 2765 209 2798 nus
217 2759 272 2796 est
293 2764 395 2788 nemo
419 2756 485 2787 nisi
509 2757 568 2796 qui
590 2757 680 2791 tanti
703 2758 847 2792 honoris
872 2757 1000 2792 nomen
1023 2764 1142 2802 potest
1165 2760 1350 2791 sustinere.
1397 2757 1514 2790 Pison.
1542 2759 1597 2798 11,
1623 2758 1684 2790 24:
1715 2767 1788 2789 nou

197 2802 272 2834 ‘unt
298 2801 481 2844 angustiae
511 2803 663 2843 pectoris
688 2805 757 2845 tui,
790 2814 862 2836 non
884 2806 1010 2847 recipit
1033 2806 1156 2838 levitas
1179 2805 1265 2843 ista,
1299 2814 1371 2836 non
1396 2807 1537 2845 egestas
1562 2804 1684 2843 animi,
1715 2812 1787 2835 non

189 2848 309 2880 mites
330 2846 461 2888 ingemi
492 2847 657 2886 sustinet,
686 2859 758 2880 non
787 2851 975 2882 insolentia
1007 2860 1124 2882 rerum
1155 2848 1387 2910 secundarum
1422 2853 1557 2882 tantam
1586 2857 1787 2893 personam,

129 2892 201 2924 tam
224 2896 413 2950 gravem,-
406 2896 478 2926 tam
499 2901 668 2927 severam.
